date,kind,action,subtype,isin,name,quantity,amount_eur,balance,description
2025-Jan-27,transfer,,Transfer,,,,2500.00,€2500.00,Depósito aceite: PT50002300004571571297194 para DE49120700700123410552
2025-Jan-28,trade,buy,Buy trade,US67066G1040,"NVIDIA CORP. DL-,001",0.651186,75.17,€2424.83,"Trade Buy trade US67066G1040 NVIDIA CORP. DL-,001, quantity: 0.651186 €75.17 €2,424.83"
2025-Jan-28,trade,buy,Buy trade,US67066G1040,"NVIDIA CORP. DL-,001",2,231.88,€2192.95,"Trade Buy trade US67066G1040 NVIDIA CORP. DL-,001, quantity: 2 €231.88 €2,192.95"
2025-Jan-28,trade,buy,Buy trade,US88160R1014,"TESLA INC. DL -,001",0.465859,176.00,€2016.95,"Trade Buy trade US88160R1014 TESLA INC. DL -,001, quantity: 0.465859 €176.00 €2,016.95"
2025-Jan-28,trade,buy,Buy trade,US92826C8394,VISA,0.675759,219.00,€1797.95,"Trade Buy trade US92826C8394 VISA, quantity: 0.675759 €219.00 €1,797.95"
2025-Jan-28,trade,buy,Buy trade,US46625H1005,JP MORGAN CH. DL 1,0.685736,176.00,€1621.95,"Trade Buy trade US46625H1005 JP MORGAN CH. DL 1, quantity: 0.685736 €176.00 €1,621.95"
2025-Jan-29,trade,buy,Buy trade,IE00BMC38736,VanEck UCITS ETFs plc - VanEck Semiconductor UCITS ETF,10,386.35,€1235.60,"Trade Buy trade IE00BMC38736 VanEck UCITS ETFs plc - VanEck Semiconductor UCITS ETF, quantity: 10 €386.35 €1,235.60"
2025-Jan-29,trade,buy,Buy trade,IE00BMC38736,VanEck UCITS ETFs plc - VanEck Semiconductor UCITS ETF,0.380173,14.65,€1220.95,"Trade Buy trade IE00BMC38736 VanEck UCITS ETFs plc - VanEck Semiconductor UCITS ETF, quantity: 0.380173 €14.65 €1,220.95"
2025-Jan-29,trade,buy,Buy trade,IE00B5BMR087,iShares VII plc - iShares Core S&P 500 UCITS ETF USD (Acc),0.568126,351.00,€869.95,"Trade Buy trade IE00B5BMR087 iShares VII plc - iShares Core S&P 500 UCITS ETF USD (Acc), quantity: 0.568126 €351.00 €869.95 TRADE REPUBLIC BANK GMBH BRUNNENSTRASSE 19-21 10119 BERLIN Trade Republic Bank GmbH Brunnenstraße 19-21 10119 Berlin www.traderepublic.com Headquarters: Berlin AG Charlottenburg HRB 244347 B VAT-ID DE307510626 Directors Andreas Torner Gernot Mittendorfer Christian Hecker Thomas Pischke"
2025-Jan-29,trade,buy,Buy trade,IE00BFMXXD54,Vanguard Funds PLC - Vanguard S&P 500 UCITS ETF (USD) Accumulating,2,221.94,€648.01,"Trade Buy trade IE00BFMXXD54 Vanguard Funds PLC - Vanguard S&P 500 UCITS ETF (USD) Accumulating, quantity: 2 €221.94 €648.01"
2025-Jan-29,trade,buy,Buy trade,IE00BFMXXD54,Vanguard Funds PLC - Vanguard S&P 500 UCITS ETF (USD) Accumulating,0.262955,29.05,€618.96,"Trade Buy trade IE00BFMXXD54 Vanguard Funds PLC - Vanguard S&P 500 UCITS ETF (USD) Accumulating, quantity: 0.262955 €29.05 €618.96"
2025-Feb-01,interest,,Interest,,,,0.28,€619.24,Your interest payment
2025-Feb-04,trade,buy,Buy trade,DE0006231004,INFINEON TECH.AG NA O.N.,2,70.25,€548.99,"Trade Buy trade DE0006231004 INFINEON TECH.AG NA O.N., quantity: 2 €70.25 €548.99"
2025-Feb-04,trade,buy,Buy trade,DE0006231004,INFINEON TECH.AG NA O.N.,0.165439,5.73,€543.26,"Trade Buy trade DE0006231004 INFINEON TECH.AG NA O.N., quantity: 0.165439 €5.73 €543.26"
2025-Feb-04,trade,buy,Buy trade,US67066G1040,"NVIDIA CORP. DL-,001",0.439367,50.98,€492.28,"Trade Buy trade US67066G1040 NVIDIA CORP. DL-,001, quantity: 0.439367 €50.98 €492.28"
2025-Feb-05,trade,buy,Buy trade,IE00B5BMR087,iShares VII plc - iShares Core S&P 500 UCITS ETF USD (Acc),0.08156,51.00,€441.28,"Trade Buy trade IE00B5BMR087 iShares VII plc - iShares Core S&P 500 UCITS ETF USD (Acc), quantity: 0.08156 €51.00 €441.28"
2025-Feb-06,trade,sell,Sell trade,DE0006231004,INFINEON TECH.AG NA O.N.,0.165439,6.15,€447.43,"Trade Sell trade DE0006231004 INFINEON TECH.AG NA O.N., quantity: 0.165439 €6.15 €447.43"
2025-Feb-06,trade,sell,Sell trade,DE0006231004,INFINEON TECH.AG NA O.N.,2,73.39,€520.82,"Trade Sell trade DE0006231004 INFINEON TECH.AG NA O.N., quantity: 2 €73.39 €520.82"
2025-Feb-06,trade,buy,Buy trade,US88160R1014,"TESLA INC. DL -,001",0.140765,51.01,€469.81,"Trade Buy trade US88160R1014 TESLA INC. DL -,001, quantity: 0.140765 €51.01 €469.81"
2025-Feb-07,trade,buy,Buy trade,US88160R1014,"TESLA INC. DL -,001",0.114253,41.00,€428.81,"Trade Buy trade US88160R1014 TESLA INC. DL -,001, quantity: 0.114253 €41.00 €428.81"
2025-Feb-10,trade,buy,Buy trade,US88160R1014,"TESLA INC. DL -,001",0.144696,51.00,€377.81,"Trade Buy trade US88160R1014 TESLA INC. DL -,001, quantity: 0.144696 €51.00 €377.81"
2025-Feb-10,trade,sell,Sell trade,US88160R1014,"TESLA INC. DL -,001",0.865573,294.90,€672.71,"Trade Sell trade US88160R1014 TESLA INC. DL -,001, quantity: 0.865573 €294.90 €672.71"
2025-Feb-10,trade,buy,Buy trade,US09290D1019,BLACKROCK FDG INC. O.N.,0.078427,76.00,€596.71,"Trade Buy trade US09290D1019 BLACKROCK FDG INC. O.N., quantity: 0.078427 €76.00 €596.71 TRADE REPUBLIC BANK GMBH BRUNNENSTRASSE 19-21 10119 BERLIN Trade Republic Bank GmbH Brunnenstraße 19-21 10119 Berlin www.traderepublic.com Headquarters: Berlin AG Charlottenburg HRB 244347 B VAT-ID DE307510626 Directors Andreas Torner Gernot Mittendorfer Christian Hecker Thomas Pischke"
2025-Feb-10,trade,buy,Buy trade,US68389X1054,"ORACLE CORP. DL-,01",0.5775,100.99,€495.72,"Trade Buy trade US68389X1054 ORACLE CORP. DL-,01, quantity: 0.5775 €100.99 €495.72"
2025-Feb-10,trade,buy,Buy trade,US02209S1033,ALTRIA GROUP INC.,0.020408,1.06,€494.66,"Trade Buy trade US02209S1033 ALTRIA GROUP INC., quantity: 0.020408 €1.06 €494.66"
2025-Feb-10,trade,buy,Buy trade,US02209S1033,ALTRIA GROUP INC.,1,52.94,€441.72,"Trade Buy trade US02209S1033 ALTRIA GROUP INC., quantity: 1 €52.94 €441.72"
2025-Feb-13,trade,buy,Buy trade,US88160R1014,"TESLA INC. DL -,001",0.529741,176.00,€265.72,"Trade Buy trade US88160R1014 TESLA INC. DL -,001, quantity: 0.529741 €176.00 €265.72"
2025-Feb-13,trade,buy,Buy trade,US0258161092,"AMER. EXPRESS DL -,20",0.505902,151.00,€114.72,"Trade Buy trade US0258161092 AMER. EXPRESS DL -,20, quantity: 0.505902 €151.00 €114.72"
2025-Feb-20,trade,buy,Buy trade,US0258161092,"AMER. EXPRESS DL -,20",0.122206,36.00,€78.72,"Trade Buy trade US0258161092 AMER. EXPRESS DL -,20, quantity: 0.122206 €36.00 €78.72"
2025-Feb-24,trade,buy,Buy trade,US68389X1054,"ORACLE CORP. DL-,01",0.09199,16.00,€62.72,"Trade Buy trade US68389X1054 ORACLE CORP. DL-,01, quantity: 0.09199 €16.00 €62.72"
2025-Feb-24,trade,buy,Buy trade,US09290D1019,BLACKROCK FDG INC. O.N.,0.016073,16.00,€46.72,"Trade Buy trade US09290D1019 BLACKROCK FDG INC. O.N., quantity: 0.016073 €16.00 €46.72"
2025-Feb-24,trade,buy,Buy trade,IE00BMC38736,VanEck UCITS ETFs plc - VanEck Semiconductor UCITS ETF,0.368233,16.00,€30.72,"Trade Buy trade IE00BMC38736 VanEck UCITS ETFs plc - VanEck Semiconductor UCITS ETF, quantity: 0.368233 €16.00 €30.72"
2025-Feb-24,trade,buy,Buy trade,IE00BFMXXD54,Vanguard Funds PLC - Vanguard S&P 500 UCITS ETF (USD) Accumulating,0.263684,30.00,€0.72,"Trade Buy trade IE00BFMXXD54 Vanguard Funds PLC - Vanguard S&P 500 UCITS ETF (USD) Accumulating, quantity: 0.263684 €30.00 €0.72"
2025-Feb-25,trade,buy,Buy trade,PTSON0AM0001,"SONAE-SGPS, S.A. NA. EO 1",0.096839,0.09,€0.63,"Trade Buy trade PTSON0AM0001 SONAE-SGPS, S.A. NA. EO 1, quantity: 0.096839 €0.09 €0.63"
2025-Feb-25,gift,,Gift,,,,6.00,€6.63,You received a gift
2025-Feb-25,trade,buy,Buy trade,PTSON0AM0001,"SONAE-SGPS, S.A. NA. EO 1",5,5.86,€0.77,"Trade Buy trade PTSON0AM0001 SONAE-SGPS, S.A. NA. EO 1, quantity: 5 €5.86 €0.77"
2025-Feb-26,trade,buy,Buy trade,PTMEN0AE0005,MOTA-ENGIL NAM. EO 1,0.650165,1.96,-€1.19,"Trade Buy trade PTMEN0AE0005 MOTA-ENGIL NAM. EO 1, quantity: 0.650165 €1.96 -€1.19 TRADE REPUBLIC BANK GMBH BRUNNENSTRASSE 19-21 10119 BERLIN Trade Republic Bank GmbH Brunnenstraße 19-21 10119 Berlin www.traderepublic.com Headquarters: Berlin AG Charlottenburg HRB 244347 B VAT-ID DE307510626 Directors Andreas Torner Gernot Mittendorfer Christian Hecker Thomas Pischke"
2025-Feb-26,gift,,Gift,,,,6.00,€4.81,You received a gift
2025-Feb-26,trade,buy,Buy trade,PTMEN0AE0005,MOTA-ENGIL NAM. EO 1,1,4.02,€0.79,"Trade Buy trade PTMEN0AE0005 MOTA-ENGIL NAM. EO 1, quantity: 1 €4.02 €0.79"
2025-Feb-26,transfer,,Transfer,,,,100.00,€100.79,Card Top up with ****7056
2025-Feb-26,trade,buy,Buy trade,PTSON0AM0001,"SONAE-SGPS, S.A. NA. EO 1",10,10.91,€89.88,"Trade Buy trade PTSON0AM0001 SONAE-SGPS, S.A. NA. EO 1, quantity: 10 €10.91 €89.88"
2025-Feb-26,trade,buy,Buy trade,PTMEN0AE0005,MOTA-ENGIL NAM. EO 1,15,47.32,€42.56,"Trade Buy trade PTMEN0AE0005 MOTA-ENGIL NAM. EO 1, quantity: 15 €47.32 €42.56"
2025-Feb-26,trade,buy,Buy trade,US46625H1005,JP MORGAN CH. DL 1,0.080971,21.00,€21.56,"Trade Buy trade US46625H1005 JP MORGAN CH. DL 1, quantity: 0.080971 €21.00 €21.56"
2025-Feb-27,trade,buy,Buy trade,PTSON0AM0001,"SONAE-SGPS, S.A. NA. EO 1",20,20.54,€1.02,"Trade Buy trade PTSON0AM0001 SONAE-SGPS, S.A. NA. EO 1, quantity: 20 €20.54 €1.02"
2025-Feb-27,trade,buy,Buy trade,PTSON0AM0001,"SONAE-SGPS, S.A. NA. EO 1",0.470829,0.46,€0.56,"Trade Buy trade PTSON0AM0001 SONAE-SGPS, S.A. NA. EO 1, quantity: 0.470829 €0.46 €0.56"
2025-Feb-27,trade,sell,Sell trade,US88160R1014,"TESLA INC. DL -,001",0.529741,144.71,€145.27,"Trade Sell trade US88160R1014 TESLA INC. DL -,001, quantity: 0.529741 €144.71 €145.27"
2025-Feb-27,trade,buy,Buy trade,US46625H1005,JP MORGAN CH. DL 1,0.238568,60.99,€84.28,"Trade Buy trade US46625H1005 JP MORGAN CH. DL 1, quantity: 0.238568 €60.99 €84.28"
2025-Feb-27,trade,buy,Buy trade,IE00BJ5JPG56,iShares IV plc - iShares MSCI China UCITS ETF USD (Acc),9,48.68,€35.60,"Trade Buy trade IE00BJ5JPG56 iShares IV plc - iShares MSCI China UCITS ETF USD (Acc), quantity: 9 €48.68 €35.60"
2025-Feb-27,trade,buy,Buy trade,IE00BJ5JPG56,iShares IV plc - iShares MSCI China UCITS ETF USD (Acc),0.437523,2.32,€33.28,"Trade Buy trade IE00BJ5JPG56 iShares IV plc - iShares MSCI China UCITS ETF USD (Acc), quantity: 0.437523 €2.32 €33.28"
2025-Feb-28,trade,sell,Sell trade,US67066G1040,"NVIDIA CORP. DL-,001",3,347.72,€381.00,"Trade Sell trade US67066G1040 NVIDIA CORP. DL-,001, quantity: 3 €347.72 €381.00"
2025-Feb-28,trade,sell,Sell trade,US67066G1040,"NVIDIA CORP. DL-,001",0.090553,10.53,€391.53,"Trade Sell trade US67066G1040 NVIDIA CORP. DL-,001, quantity: 0.090553 €10.53 €391.53 TRADE REPUBLIC BANK GMBH BRUNNENSTRASSE 19-21 10119 BERLIN Trade Republic Bank GmbH Brunnenstraße 19-21 10119 Berlin www.traderepublic.com Headquarters: Berlin AG Charlottenburg HRB 244347 B VAT-ID DE307510626 Directors Andreas Torner Gernot Mittendorfer Christian Hecker Thomas Pischke"
2025-Feb-28,trade,buy,Buy trade,US67066G1040,"NVIDIA CORP. DL-,001",3,352.78,€38.75,"Trade Buy trade US67066G1040 NVIDIA CORP. DL-,001, quantity: 3 €352.78 €38.75"
2025-Feb-28,trade,buy,Buy trade,US67066G1040,"NVIDIA CORP. DL-,001",0.323674,37.95,€0.80,"Trade Buy trade US67066G1040 NVIDIA CORP. DL-,001, quantity: 0.323674 €37.95 €0.80"
2025-Mar-01,interest,,Interest,,,,0.55,€1.35,Your interest payment
2025-Mar-03,trade,sell,Sell trade,US02209S1033,ALTRIA GROUP INC.,1,52.70,€54.05,"Trade Sell trade US02209S1033 ALTRIA GROUP INC., quantity: 1 €52.70 €54.05"
2025-Mar-03,trade,sell,Sell trade,US02209S1033,ALTRIA GROUP INC.,0.020408,1.10,€55.15,"Trade Sell trade US02209S1033 ALTRIA GROUP INC., quantity: 0.020408 €1.10 €55.15"
2025-Mar-03,trade,buy,Savings plan execution,IE00BMC38736,VanEck UCITS ETFs plc - VanEck Semiconductor UCITS ETF,0.261369,10.00,€45.15,"Trade Savings plan execution IE00BMC38736 VanEck UCITS ETFs plc - VanEck Semiconductor UCITS ETF, quantity: 0.261369 €10.00 €45.15"
2025-Mar-03,trade,buy,Savings plan execution,IE00B5BMR087,iShares VII plc - iShares Core S&P 500 UCITS ETF USD (Acc),0.008294,5.00,€40.15,"Trade Savings plan execution IE00B5BMR087 iShares VII plc - iShares Core S&P 500 UCITS ETF USD (Acc), quantity: 0.008294 €5.00 €40.15"
2025-Mar-03,earnings,,Earnings,,,,0.32,€40.47,Cash Dividend for ISIN US92826C8394
2025-Mar-03,trade,buy,Savings plan execution,US09290D1019,BLACKROCK FDG INC. O.N.,0.010688,10.00,€30.47,"Trade Savings plan execution US09290D1019 BLACKROCK FDG INC. O.N., quantity: 0.010688 €10.00 €30.47"
2025-Mar-03,trade,buy,Savings plan execution,IE00BFMXXD54,Vanguard Funds PLC - Vanguard S&P 500 UCITS ETF (USD) Accumulating,0.184945,20.00,€10.47,"Trade Savings plan execution IE00BFMXXD54 Vanguard Funds PLC - Vanguard S&P 500 UCITS ETF (USD) Accumulating, quantity: 0.184945 €20.00 €10.47"
2025-Mar-03,trade,buy,Savings plan execution,US68389X1054,"ORACLE CORP. DL-,01",0.031786,5.00,€5.47,"Trade Savings plan execution US68389X1054 ORACLE CORP. DL-,01, quantity: 0.031786 €5.00 €5.47"
2025-Mar-11,trade,sell,Sell trade,IE00BMC38736,VanEck UCITS ETFs plc - VanEck Semiconductor UCITS ETF,0.009775,0.33,€5.80,"Trade Sell trade IE00BMC38736 VanEck UCITS ETFs plc - VanEck Semiconductor UCITS ETF, quantity: 0.009775 €0.33 €5.80"
2025-Mar-11,trade,sell,Sell trade,IE00BMC38736,VanEck UCITS ETFs plc - VanEck Semiconductor UCITS ETF,11,372.67,€378.47,"Trade Sell trade IE00BMC38736 VanEck UCITS ETFs plc - VanEck Semiconductor UCITS ETF, quantity: 11 €372.67 €378.47"
2025-Mar-11,trade,buy,Buy trade,US67066G1040,"NVIDIA CORP. DL-,001",1,98.86,€279.61,"Trade Buy trade US67066G1040 NVIDIA CORP. DL-,001, quantity: 1 €98.86 €279.61 TRADE REPUBLIC BANK GMBH BRUNNENSTRASSE 19-21 10119 BERLIN Trade Republic Bank GmbH Brunnenstraße 19-21 10119 Berlin www.traderepublic.com Headquarters: Berlin AG Charlottenburg HRB 244347 B VAT-ID DE307510626 Directors Andreas Torner Gernot Mittendorfer Christian Hecker Thomas Pischke"
2025-Mar-11,trade,buy,Buy trade,US67066G1040,"NVIDIA CORP. DL-,001",0.022181,2.17,€277.44,"Trade Buy trade US67066G1040 NVIDIA CORP. DL-,001, quantity: 0.022181 €2.17 €277.44"
2025-Mar-11,trade,buy,Buy trade,XF000SOL0012,Solana,0.986537,114.00,€163.44,"Trade Buy trade XF000SOL0012 Solana, quantity: 0.986537 €114.00 €163.44"
2025-Mar-11,trade,buy,Buy trade,US98422D1054,XPENG INC. SP.ADS/2 CL.A,0.074688,1.81,€161.63,"Trade Buy trade US98422D1054 XPENG INC. SP.ADS/2 CL.A, quantity: 0.074688 €1.81 €161.63"
2025-Mar-11,trade,buy,Buy trade,US98422D1054,XPENG INC. SP.ADS/2 CL.A,2,49.40,€112.23,"Trade Buy trade US98422D1054 XPENG INC. SP.ADS/2 CL.A, quantity: 2 €49.40 €112.23"
2025-Mar-11,trade,buy,Buy trade,US98422D1054,XPENG INC. SP.ADS/2 CL.A,1,24.80,€87.43,"Trade Buy trade US98422D1054 XPENG INC. SP.ADS/2 CL.A, quantity: 1 €24.80 €87.43"
2025-Mar-11,trade,buy,Buy trade,US98422D1054,XPENG INC. SP.ADS/2 CL.A,0.008403,0.20,€87.23,"Trade Buy trade US98422D1054 XPENG INC. SP.ADS/2 CL.A, quantity: 0.008403 €0.20 €87.23"
2025-Mar-11,trade,sell,Sell trade,IE00BJ5JPG56,iShares IV plc - iShares MSCI China UCITS ETF USD (Acc),9,44.67,€131.90,"Trade Sell trade IE00BJ5JPG56 iShares IV plc - iShares MSCI China UCITS ETF USD (Acc), quantity: 9 €44.67 €131.90"
2025-Mar-11,trade,sell,Sell trade,IE00BJ5JPG56,iShares IV plc - iShares MSCI China UCITS ETF USD (Acc),0.437523,2.22,€134.12,"Trade Sell trade IE00BJ5JPG56 iShares IV plc - iShares MSCI China UCITS ETF USD (Acc), quantity: 0.437523 €2.22 €134.12"
2025-Mar-11,trade,buy,Buy trade,US68389X1054,"ORACLE CORP. DL-,01",0.285585,38.99,€95.13,"Trade Buy trade US68389X1054 ORACLE CORP. DL-,01, quantity: 0.285585 €38.99 €95.13"
2025-Mar-11,trade,sell,Sell trade,US09290D1019,BLACKROCK FDG INC. O.N.,0.105188,87.37,€182.50,"Trade Sell trade US09290D1019 BLACKROCK FDG INC. O.N., quantity: 0.105188 €87.37 €182.50"
2025-Mar-11,trade,buy,Buy trade,US05464C1018,"AXON ENTERPRISE DL-,00001",0.36856,181.96,€0.54,"Trade Buy trade US05464C1018 AXON ENTERPRISE DL-,00001, quantity: 0.36856 €181.96 €0.54"
2025-Mar-17,trade,buy,Buy trade,AT0000A3FW25,STEYR MOTORS AG,0.423728,76.00,-€75.46,"Trade Buy trade AT0000A3FW25 STEYR MOTORS AG, quantity: 0.423728 €76.00 -€75.46"
2025-Mar-17,trade,sell,Sell trade,US98422D1054,XPENG INC. SP.ADS/2 CL.A,0.083091,1.84,-€73.62,"Trade Sell trade US98422D1054 XPENG INC. SP.ADS/2 CL.A, quantity: 0.083091 €1.84 -€73.62"
2025-Mar-17,trade,sell,Sell trade,US98422D1054,XPENG INC. SP.ADS/2 CL.A,3,65.30,-€8.32,"Trade Sell trade US98422D1054 XPENG INC. SP.ADS/2 CL.A, quantity: 3 €65.30 -€8.32 TRADE REPUBLIC BANK GMBH BRUNNENSTRASSE 19-21 10119 BERLIN Trade Republic Bank GmbH Brunnenstraße 19-21 10119 Berlin www.traderepublic.com Headquarters: Berlin AG Charlottenburg HRB 244347 B VAT-ID DE307510626 Directors Andreas Torner Gernot Mittendorfer Christian Hecker Thomas Pischke"
2025-Mar-17,trade,sell,Sell trade,US92826C8394,VISA,0.675759,203.69,€195.37,"Trade Sell trade US92826C8394 VISA, quantity: 0.675759 €203.69 €195.37"
2025-Mar-17,trade,buy,Buy trade,AT0000A3FW25,STEYR MOTORS AG,0.57377,106.00,€89.37,"Trade Buy trade AT0000A3FW25 STEYR MOTORS AG, quantity: 0.57377 €106.00 €89.37"
2025-Mar-17,trade,buy,Buy trade,IE00BFMXXD54,Vanguard Funds PLC - Vanguard S&P 500 UCITS ETF (USD) Accumulating,0.50638,51.02,€38.35,"Trade Buy trade IE00BFMXXD54 Vanguard Funds PLC - Vanguard S&P 500 UCITS ETF (USD) Accumulating, quantity: 0.50638 €51.02 €38.35"
2025-Mar-17,trade,buy,Buy trade,XF000SOL0012,Solana,0.067446,9.00,€29.35,"Trade Buy trade XF000SOL0012 Solana, quantity: 0.067446 €9.00 €29.35"
2025-Mar-17,trade,sell,Sell trade,IE00B5BMR087,iShares VII plc - iShares Core S&P 500 UCITS ETF USD (Acc),0.65798,361.38,€390.73,"Trade Sell trade IE00B5BMR087 iShares VII plc - iShares Core S&P 500 UCITS ETF USD (Acc), quantity: 0.65798 €361.38 €390.73"
2025-Mar-17,trade,buy,Buy trade,IE00BFMXXD54,Vanguard Funds PLC - Vanguard S&P 500 UCITS ETF (USD) Accumulating,0.994096,99.00,€291.73,"Trade Buy trade IE00BFMXXD54 Vanguard Funds PLC - Vanguard S&P 500 UCITS ETF (USD) Accumulating, quantity: 0.994096 €99.00 €291.73"
2025-Mar-17,trade,buy,Buy trade,AT0000A3FW25,STEYR MOTORS AG,0.47619,101.00,€190.73,"Trade Buy trade AT0000A3FW25 STEYR MOTORS AG, quantity: 0.47619 €101.00 €190.73"
2025-Mar-17,trade,buy,Buy trade,US67066G1040,"NVIDIA CORP. DL-,001",0.825082,91.00,€99.73,"Trade Buy trade US67066G1040 NVIDIA CORP. DL-,001, quantity: 0.825082 €91.00 €99.73"
2025-Mar-17,trade,buy,Buy trade,AU000000DRO2,DRONESHIELD LTD,12,9.35,€90.38,"Trade Buy trade AU000000DRO2 DRONESHIELD LTD, quantity: 12 €9.35 €90.38"
2025-Mar-17,trade,sell,Sell trade,AT0000A3FW25,STEYR MOTORS AG,1,245.00,€335.38,"Trade Sell trade AT0000A3FW25 STEYR MOTORS AG, quantity: 1 €245.00 €335.38"
2025-Mar-17,trade,sell,Sell trade,AT0000A3FW25,STEYR MOTORS AG,0.473688,116.53,€451.91,"Trade Sell trade AT0000A3FW25 STEYR MOTORS AG, quantity: 0.473688 €116.53 €451.91"
2025-Mar-18,trade,buy,Buy trade,US67066G1040,"NVIDIA CORP. DL-,001",1,107.12,€344.79,"Trade Buy trade US67066G1040 NVIDIA CORP. DL-,001, quantity: 1 €107.12 €344.79"
2025-Mar-18,trade,sell,Sell trade,AU000000DRO2,DRONESHIELD LTD,12,6.50,€351.29,"Trade Sell trade AU000000DRO2 DRONESHIELD LTD, quantity: 12 €6.50 €351.29"
2025-Mar-18,trade,buy,Buy trade,DE0006305006,DEUTZ AG O.N.,14,98.02,€253.27,"Trade Buy trade DE0006305006 DEUTZ AG O.N., quantity: 14 €98.02 €253.27 TRADE REPUBLIC BANK GMBH BRUNNENSTRASSE 19-21 10119 BERLIN Trade Republic Bank GmbH Brunnenstraße 19-21 10119 Berlin www.traderepublic.com Headquarters: Berlin AG Charlottenburg HRB 244347 B VAT-ID DE307510626 Directors Andreas Torner Gernot Mittendorfer Christian Hecker Thomas Pischke"
2025-Mar-18,trade,sell,Sell trade,DE0006305006,DEUTZ AG O.N.,14,104.56,€357.83,"Trade Sell trade DE0006305006 DEUTZ AG O.N., quantity: 14 €104.56 €357.83"
2025-Mar-18,trade,buy,Buy trade,DE0006305006,DEUTZ AG O.N.,0.539184,4.30,€353.53,"Trade Buy trade DE0006305006 DEUTZ AG O.N., quantity: 0.539184 €4.30 €353.53"
2025-Mar-18,trade,buy,Buy trade,DE0006305006,DEUTZ AG O.N.,12,96.70,€256.83,"Trade Buy trade DE0006305006 DEUTZ AG O.N., quantity: 12 €96.70 €256.83"
2025-Mar-18,trade,buy,Buy trade,DE0006305006,DEUTZ AG O.N.,0.460816,3.61,€253.22,"Trade Buy trade DE0006305006 DEUTZ AG O.N., quantity: 0.460816 €3.61 €253.22"
2025-Mar-18,trade,buy,Buy trade,DE0006305006,DEUTZ AG O.N.,1,8.84,€244.38,"Trade Buy trade DE0006305006 DEUTZ AG O.N., quantity: 1 €8.84 €244.38"
2025-Mar-19,trade,sell,Sell trade,DE0006305006,DEUTZ AG O.N.,14,94.20,€338.58,"Trade Sell trade DE0006305006 DEUTZ AG O.N., quantity: 14 €94.20 €338.58"
2025-Mar-19,trade,buy,Buy trade,PTCTT0AM0001,"CTT-CORREIOS DE PO.EO 0,5",17,124.59,€213.99,"Trade Buy trade PTCTT0AM0001 CTT-CORREIOS DE PO.EO 0,5, quantity: 17 €124.59 €213.99"
2025-Mar-24,earnings,,Earnings,,,,0.44,€214.43,Cash Dividend for ISIN US09290D1019
2025-Mar-24,trade,buy,Buy trade,IE00BFMXXD54,Vanguard Funds PLC - Vanguard S&P 500 UCITS ETF (USD) Accumulating,1,102.72,€111.71,"Trade Buy trade IE00BFMXXD54 Vanguard Funds PLC - Vanguard S&P 500 UCITS ETF (USD) Accumulating, quantity: 1 €102.72 €111.71"
2025-Mar-24,trade,buy,Buy trade,IE00BFMXXD54,Vanguard Funds PLC - Vanguard S&P 500 UCITS ETF (USD) Accumulating,0.002752,0.28,€111.43,"Trade Buy trade IE00BFMXXD54 Vanguard Funds PLC - Vanguard S&P 500 UCITS ETF (USD) Accumulating, quantity: 0.002752 €0.28 €111.43"
2025-Apr-01,interest,,Interest,,,,0.19,€111.62,Your interest payment
2025-Apr-02,earnings,,Earnings,,,,0.03,€111.65,Cash Dividend for ISIN US67066G1040
2025-Apr-02,trade,buy,Savings plan execution,US0258161092,"AMER. EXPRESS DL -,20",0.019924,5.00,€106.65,"Trade Savings plan execution US0258161092 AMER. EXPRESS DL -,20, quantity: 0.019924 €5.00 €106.65"
2025-Apr-02,trade,buy,Savings plan execution,US67066G1040,"NVIDIA CORP. DL-,001",0.049880,5.00,€101.65,"Trade Savings plan execution US67066G1040 NVIDIA CORP. DL-,001, quantity: 0.049880 €5.00 €101.65 TRADE REPUBLIC BANK GMBH BRUNNENSTRASSE 19-21 10119 BERLIN Trade Republic Bank GmbH Brunnenstraße 19-21 10119 Berlin www.traderepublic.com Headquarters: Berlin AG Charlottenburg HRB 244347 B VAT-ID DE307510626 Directors Andreas Torner Gernot Mittendorfer Christian Hecker Thomas Pischke"
2025-Apr-02,trade,buy,Savings plan execution,US05464C1018,"AXON ENTERPRISE DL-,00001",0.029667,15.00,€86.65,"Trade Savings plan execution US05464C1018 AXON ENTERPRISE DL-,00001, quantity: 0.029667 €15.00 €86.65"
2025-Apr-02,trade,buy,Savings plan execution,US46625H1005,JP MORGAN CH. DL 1,0.043936,10.00,€76.65,"Trade Savings plan execution US46625H1005 JP MORGAN CH. DL 1, quantity: 0.043936 €10.00 €76.65"
2025-Apr-02,trade,buy,Savings plan execution,IE00BFMXXD54,Vanguard Funds PLC - Vanguard S&P 500 UCITS ETF (USD) Accumulating,0.151371,15.00,€61.65,"Trade Savings plan execution IE00BFMXXD54 Vanguard Funds PLC - Vanguard S&P 500 UCITS ETF (USD) Accumulating, quantity: 0.151371 €15.00 €61.65"
2025-Apr-02,trade,buy,Savings plan execution,US0231351067,"AMAZON.COM INC. DL-,01",0.169338,30.00,€31.65,"Trade Savings plan execution US0231351067 AMAZON.COM INC. DL-,01, quantity: 0.169338 €30.00 €31.65"
2025-Apr-03,trade,sell,Sell trade,US67066G1040,"NVIDIA CORP. DL-,001",6.220817,586.87,€618.52,"Trade Sell trade US67066G1040 NVIDIA CORP. DL-,001, quantity: 6.220817 €586.87 €618.52"
2025-Apr-04,trade,buy,Buy trade,PTSCP0AM0001,SPORTING-FUTEBOL INH.EO 1,100,124.00,€494.52,"Trade Buy trade PTSCP0AM0001 SPORTING-FUTEBOL INH.EO 1, quantity: 100 €124.00 €494.52"
2025-Apr-04,trade,buy,Buy trade,IE00BFMXXD54,Vanguard Funds PLC - Vanguard S&P 500 UCITS ETF (USD) Accumulating,1,90.34,€404.18,"Trade Buy trade IE00BFMXXD54 Vanguard Funds PLC - Vanguard S&P 500 UCITS ETF (USD) Accumulating, quantity: 1 €90.34 €404.18"
2025-Apr-04,trade,buy,Buy trade,KYG9830T1067,XIAOMI CORP. CL.B,5,25.61,€378.57,"Trade Buy trade KYG9830T1067 XIAOMI CORP. CL.B, quantity: 5 €25.61 €378.57"
2025-Apr-07,trade,buy,Buy trade,US67066G1040,"NVIDIA CORP. DL-,001",1,82.82,€295.75,"Trade Buy trade US67066G1040 NVIDIA CORP. DL-,001, quantity: 1 €82.82 €295.75"
2025-Apr-07,trade,buy,Buy trade,IE00B4L5Y983,iShares III plc - iShares Core MSCI World UCITS ETF USD (Acc),1,85.68,€210.07,"Trade Buy trade IE00B4L5Y983 iShares III plc - iShares Core MSCI World UCITS ETF USD (Acc), quantity: 1 €85.68 €210.07"
2025-Apr-07,trade,buy,Buy trade,IE00BFMXXD54,Vanguard Funds PLC - Vanguard S&P 500 UCITS ETF (USD) Accumulating,1,86.46,€123.61,"Trade Buy trade IE00BFMXXD54 Vanguard Funds PLC - Vanguard S&P 500 UCITS ETF (USD) Accumulating, quantity: 1 €86.46 €123.61"
2025-Apr-07,trade,buy,Buy trade,IE00B4L5Y983,iShares III plc - iShares Core MSCI World UCITS ETF USD (Acc),1,86.65,€36.96,"Trade Buy trade IE00B4L5Y983 iShares III plc - iShares Core MSCI World UCITS ETF USD (Acc), quantity: 1 €86.65 €36.96"
2025-Apr-10,trade,buy,Buy trade,HK0285041858,BYD ELECTRONIC (INTL) CO. LTD.,7,26.61,€10.35,"Trade Buy trade HK0285041858 BYD ELECTRONIC (INTL) CO. LTD., quantity: 7 €26.61 €10.35"
2025-Apr-15,trade,sell,Sell trade,IE00BFMXXD54,Vanguard Funds PLC - Vanguard S&P 500 UCITS ETF (USD) Accumulating,3.683091,333.50,€343.85,"Trade Sell trade IE00BFMXXD54 Vanguard Funds PLC - Vanguard S&P 500 UCITS ETF (USD) Accumulating, quantity: 3.683091 €333.50 €343.85 TRADE REPUBLIC BANK GMBH BRUNNENSTRASSE 19-21 10119 BERLIN Trade Republic Bank GmbH Brunnenstraße 19-21 10119 Berlin www.traderepublic.com Headquarters: Berlin AG Charlottenburg HRB 244347 B VAT-ID DE307510626 Directors Andreas Torner Gernot Mittendorfer Christian Hecker Thomas Pischke"
2025-Apr-15,trade,buy,Buy trade,DE000RENK730,RENK GROUP AG INH O.N.,2,104.44,€239.41,"Trade Buy trade DE000RENK730 RENK GROUP AG INH O.N., quantity: 2 €104.44 €239.41"
2025-Apr-16,trade,buy,Savings plan execution,US05464C1018,"AXON ENTERPRISE DL-,00001",0.029644,15.00,€224.41,"Trade Savings plan execution US05464C1018 AXON ENTERPRISE DL-,00001, quantity: 0.029644 €15.00 €224.41"
2025-Apr-17,trade,buy,Buy trade,US30231G1022,EXXON MOBIL CORP.,1,96.63,€127.78,"Trade Buy trade US30231G1022 EXXON MOBIL CORP., quantity: 1 €96.63 €127.78"
2025-Apr-17,trade,sell,Sell trade,US68389X1054,"ORACLE CORP. DL-,01",0.986861,112.55,€240.33,"Trade Sell trade US68389X1054 ORACLE CORP. DL-,01, quantity: 0.986861 €112.55 €240.33"
2025-Apr-17,trade,buy,Buy trade,US30231G1022,EXXON MOBIL CORP.,2,192.24,€48.09,"Trade Buy trade US30231G1022 EXXON MOBIL CORP., quantity: 2 €192.24 €48.09"
2025-Apr-23,trade,buy,Savings plan execution,US05464C1018,"AXON ENTERPRISE DL-,00001",0.029013,15.00,€33.09,"Trade Savings plan execution US05464C1018 AXON ENTERPRISE DL-,00001, quantity: 0.029013 €15.00 €33.09"
2025-Apr-23,earnings,,Earnings,,,,0.37,€33.46,Cash Dividend for ISIN US68389X1054
2025-Apr-25,trade,sell,Sell trade,DE000RENK730,RENK GROUP AG INH O.N.,2,97.65,€131.11,"Trade Sell trade DE000RENK730 RENK GROUP AG INH O.N., quantity: 2 €97.65 €131.11"
2025-Apr-25,trade,sell,Sell trade,PTSCP0AM0001,SPORTING-FUTEBOL INH.EO 1,100,94.00,€225.11,"Trade Sell trade PTSCP0AM0001 SPORTING-FUTEBOL INH.EO 1, quantity: 100 €94.00 €225.11"
2025-Apr-25,trade,buy,Buy trade,US02079K3059,"ALPHABET INC.CL.A DL-,001",1.345713,201.03,€24.08,"Trade Buy trade US02079K3059 ALPHABET INC.CL.A DL-,001, quantity: 1.345713 €201.03 €24.08"
2025-Apr-30,earnings,,Earnings,,,,1.10,€25.18,Cash Dividend for ISIN US46625H1005
2025-May-01,interest,,Interest,,,,0.20,€25.38,Your interest payment
2025-May-02,trade,buy,Savings plan execution,US0258161092,"AMER. EXPRESS DL -,20",0.020764,5.00,€20.38,"Trade Savings plan execution US0258161092 AMER. EXPRESS DL -,20, quantity: 0.020764 €5.00 €20.38"
2025-May-02,trade,buy,Savings plan execution,US46625H1005,JP MORGAN CH. DL 1,0.045065,10.00,€10.38,"Trade Savings plan execution US46625H1005 JP MORGAN CH. DL 1, quantity: 0.045065 €10.00 €10.38 TRADE REPUBLIC BANK GMBH BRUNNENSTRASSE 19-21 10119 BERLIN Trade Republic Bank GmbH Brunnenstraße 19-21 10119 Berlin www.traderepublic.com Headquarters: Berlin AG Charlottenburg HRB 244347 B VAT-ID DE307510626 Directors Andreas Torner Gernot Mittendorfer Christian Hecker Thomas Pischke"
2025-May-09,earnings,,Earnings,,,,0.40,€10.78,Cash Dividend for ISIN US0258161092
2025-May-12,gift,,Gift,,,,7.00,€3.78,The gift you sent was accepted
2025-May-15,earnings,,Earnings,,,,1.88,€5.66,Cash Dividend for ISIN PTCTT0AM0001
2025-May-16,earnings,,Earnings,,,,1.37,€7.03,Cash Dividend for ISIN PTSON0AM0001
2025-May-20,trade,sell,Sell trade,US0258161092,"AMER. EXPRESS DL -,20",0.147671,38.00,€45.03,"Trade Sell trade US0258161092 AMER. EXPRESS DL -,20, quantity: 0.147671 €38.00 €45.03"
2025-May-20,trade,sell,Sell trade,US46625H1005,JP MORGAN CH. DL 1,0.228523,53.00,€98.03,"Trade Sell trade US46625H1005 JP MORGAN CH. DL 1, quantity: 0.228523 €53.00 €98.03"
2025-May-20,trade,buy,Buy trade,PTMEN0AE0005,MOTA-ENGIL NAM. EO 1,10,48.80,€49.23,"Trade Buy trade PTMEN0AE0005 MOTA-ENGIL NAM. EO 1, quantity: 10 €48.80 €49.23"
2025-May-20,trade,buy,Buy trade,PTCTT0AM0001,"CTT-CORREIOS DE PO.EO 0,5",5,36.30,€12.93,"Trade Buy trade PTCTT0AM0001 CTT-CORREIOS DE PO.EO 0,5, quantity: 5 €36.30 €12.93"
2025-May-20,trade,buy,Buy trade,PTSON0AM0001,"SONAE-SGPS, S.A. NA. EO 1",10,12.72,€0.21,"Trade Buy trade PTSON0AM0001 SONAE-SGPS, S.A. NA. EO 1, quantity: 10 €12.72 €0.21"
2025-May-20,transfer,,Transfer,,,,1000.00,€1000.21,Depósito aceite: PT50002300004571571297194 para DE49120700700123410552
2025-May-23,trade,buy,Buy trade,US9168961038,"URANIUM ENERGY DL-,001",25,135.75,€864.46,"Trade Buy trade US9168961038 URANIUM ENERGY DL-,001, quantity: 25 €135.75 €864.46"
2025-May-23,trade,buy,Buy trade,CA2926717083,ENERGY FUELS INC.,20,93.52,€770.94,"Trade Buy trade CA2926717083 ENERGY FUELS INC., quantity: 20 €93.52 €770.94"
2025-May-23,trade,buy,Buy trade,PTMEN0AE0005,MOTA-ENGIL NAM. EO 1,0.349835,1.69,€769.25,"Trade Buy trade PTMEN0AE0005 MOTA-ENGIL NAM. EO 1, quantity: 0.349835 €1.69 €769.25"
2025-May-23,trade,buy,Buy trade,PTMEN0AE0005,MOTA-ENGIL NAM. EO 1,26.0,126.53,€642.72,"Trade Buy trade PTMEN0AE0005 MOTA-ENGIL NAM. EO 1, quantity: 26.0 €126.53 €642.72 TRADE REPUBLIC BANK GMBH BRUNNENSTRASSE 19-21 10119 BERLIN Trade Republic Bank GmbH Brunnenstraße 19-21 10119 Berlin www.traderepublic.com Headquarters: Berlin AG Charlottenburg HRB 244347 B VAT-ID DE307510626 Directors Andreas Torner Gernot Mittendorfer Christian Hecker Thomas Pischke"
2025-May-23,trade,sell,Sell trade,KYG9830T1067,XIAOMI CORP. CL.B,5,29.02,€671.74,"Trade Sell trade KYG9830T1067 XIAOMI CORP. CL.B, quantity: 5 €29.02 €671.74"
2025-May-23,trade,buy,Buy trade,PTSON0AM0001,"SONAE-SGPS, S.A. NA. EO 1",0.432332,0.54,€671.20,"Trade Buy trade PTSON0AM0001 SONAE-SGPS, S.A. NA. EO 1, quantity: 0.432332 €0.54 €671.20"
2025-May-23,trade,buy,Buy trade,PTSON0AM0001,"SONAE-SGPS, S.A. NA. EO 1",55.0,70.30,€600.90,"Trade Buy trade PTSON0AM0001 SONAE-SGPS, S.A. NA. EO 1, quantity: 55.0 €70.30 €600.90"
2025-May-23,trade,sell,Sell trade,US9168961038,"URANIUM ENERGY DL-,001",25,130.78,€731.68,"Trade Sell trade US9168961038 URANIUM ENERGY DL-,001, quantity: 25 €130.78 €731.68"
2025-May-23,trade,buy,Buy trade,US30231G1022,EXXON MOBIL CORP.,3,274.18,€457.50,"Trade Buy trade US30231G1022 EXXON MOBIL CORP., quantity: 3 €274.18 €457.50"
2025-May-23,trade,buy,Buy trade,IE00BFMXXD54,Vanguard Funds PLC - Vanguard S&P 500 UCITS ETF (USD) Accumulating,2,197.72,€259.78,"Trade Buy trade IE00BFMXXD54 Vanguard Funds PLC - Vanguard S&P 500 UCITS ETF (USD) Accumulating, quantity: 2 €197.72 €259.78"
2025-May-23,trade,buy,Buy trade,IE00BFMXXD54,Vanguard Funds PLC - Vanguard S&P 500 UCITS ETF (USD) Accumulating,0.316908,31.17,€228.61,"Trade Buy trade IE00BFMXXD54 Vanguard Funds PLC - Vanguard S&P 500 UCITS ETF (USD) Accumulating, quantity: 0.316908 €31.17 €228.61"
2025-May-23,trade,sell,Sell trade,CA2926717083,ENERGY FUELS INC.,20,90.86,€319.47,"Trade Sell trade CA2926717083 ENERGY FUELS INC., quantity: 20 €90.86 €319.47"
2025-May-23,trade,buy,Buy trade,PTCTT0AM0001,"CTT-CORREIOS DE PO.EO 0,5",22,161.16,€158.31,"Trade Buy trade PTCTT0AM0001 CTT-CORREIOS DE PO.EO 0,5, quantity: 22 €161.16 €158.31"
2025-May-23,trade,buy,Buy trade,US9168961038,"URANIUM ENERGY DL-,001",25,136.50,€21.81,"Trade Buy trade US9168961038 URANIUM ENERGY DL-,001, quantity: 25 €136.50 €21.81"
2025-May-23,trade,sell,Sell trade,US9168961038,"URANIUM ENERGY DL-,001",25,130.20,€152.01,"Trade Sell trade US9168961038 URANIUM ENERGY DL-,001, quantity: 25 €130.20 €152.01"
2025-May-23,trade,sell,Sell trade,US30231G1022,EXXON MOBIL CORP.,1,89.48,€241.49,"Trade Sell trade US30231G1022 EXXON MOBIL CORP., quantity: 1 €89.48 €241.49"
2025-May-26,trade,sell,Sell trade,US30231G1022,EXXON MOBIL CORP.,2,181.98,€423.47,"Trade Sell trade US30231G1022 EXXON MOBIL CORP., quantity: 2 €181.98 €423.47"
2025-May-26,trade,sell,Sell trade,PTCTT0AM0001,"CTT-CORREIOS DE PO.EO 0,5",22,160.26,€583.73,"Trade Sell trade PTCTT0AM0001 CTT-CORREIOS DE PO.EO 0,5, quantity: 22 €160.26 €583.73 TRADE REPUBLIC BANK GMBH BRUNNENSTRASSE 19-21 10119 BERLIN Trade Republic Bank GmbH Brunnenstraße 19-21 10119 Berlin www.traderepublic.com Headquarters: Berlin AG Charlottenburg HRB 244347 B VAT-ID DE307510626 Directors Andreas Torner Gernot Mittendorfer Christian Hecker Thomas Pischke"
2025-May-26,trade,buy,Buy trade,US67066G1040,"NVIDIA CORP. DL-,001",1,118.96,€464.77,"Trade Buy trade US67066G1040 NVIDIA CORP. DL-,001, quantity: 1 €118.96 €464.77"
2025-May-29,trade,sell,Sell trade,US0258161092,"AMER. EXPRESS DL -,20",0.521125,134.28,€599.05,"Trade Sell trade US0258161092 AMER. EXPRESS DL -,20, quantity: 0.521125 €134.28 €599.05"
2025-May-29,trade,sell,Sell trade,US46625H1005,JP MORGAN CH. DL 1,0.865753,200.46,€799.51,"Trade Sell trade US46625H1005 JP MORGAN CH. DL 1, quantity: 0.865753 €200.46 €799.51"
2025-May-29,trade,sell,Sell trade,US0231351067,"AMAZON.COM INC. DL-,01",0.169338,30.04,€829.55,"Trade Sell trade US0231351067 AMAZON.COM INC. DL-,01, quantity: 0.169338 €30.04 €829.55"
2025-Jun-01,interest,,Interest,,,,0.48,€830.03,Your interest payment
2025-Jun-02,trade,buy,Savings plan execution,IE00B4L5Y983,iShares III plc - iShares Core MSCI World UCITS ETF USD (Acc),0.993370,98.00,€732.03,"Trade Savings plan execution IE00B4L5Y983 iShares III plc - iShares Core MSCI World UCITS ETF USD (Acc), quantity: 0.993370 €98.00 €732.03"
2025-Jun-02,trade,buy,Savings plan execution,US67066G1040,"NVIDIA CORP. DL-,001",2.048354,244.00,€488.03,"Trade Savings plan execution US67066G1040 NVIDIA CORP. DL-,001, quantity: 2.048354 €244.00 €488.03"
2025-Jun-02,trade,buy,Savings plan execution,US05464C1018,"AXON ENTERPRISE DL-,00001",0.519401,340.00,€148.03,"Trade Savings plan execution US05464C1018 AXON ENTERPRISE DL-,00001, quantity: 0.519401 €340.00 €148.03"
2025-Jun-02,trade,buy,Savings plan execution,IE00BFMXXD54,Vanguard Funds PLC - Vanguard S&P 500 UCITS ETF (USD) Accumulating,0.710364,70.00,€78.03,"Trade Savings plan execution IE00BFMXXD54 Vanguard Funds PLC - Vanguard S&P 500 UCITS ETF (USD) Accumulating, quantity: 0.710364 €70.00 €78.03"
2025-Jun-05,trade,sell,Sell trade,HK0285041858,BYD ELECTRONIC (INTL) CO. LTD.,7,24.21,€102.24,"Trade Sell trade HK0285041858 BYD ELECTRONIC (INTL) CO. LTD., quantity: 7 €24.21 €102.24"
2025-Jun-05,trade,sell,Sell trade,US30231G1022,EXXON MOBIL CORP.,3,267.98,€370.22,"Trade Sell trade US30231G1022 EXXON MOBIL CORP., quantity: 3 €267.98 €370.22"
2025-Jun-05,trade,sell,Sell trade,US02079K3059,"ALPHABET INC.CL.A DL-,001",1,147.90,€518.12,"Trade Sell trade US02079K3059 ALPHABET INC.CL.A DL-,001, quantity: 1 €147.90 €518.12"
2025-Jun-05,trade,sell,Sell trade,US02079K3059,"ALPHABET INC.CL.A DL-,001",0.345713,51.48,€569.60,"Trade Sell trade US02079K3059 ALPHABET INC.CL.A DL-,001, quantity: 0.345713 €51.48 €569.60"
2025-Jun-05,trade,buy,Buy trade,DE0007030009,RHEINMETALL AG,0.301246,569.00,€0.60,"Trade Buy trade DE0007030009 RHEINMETALL AG, quantity: 0.301246 €569.00 €0.60 TRADE REPUBLIC BANK GMBH BRUNNENSTRASSE 19-21 10119 BERLIN Trade Republic Bank GmbH Brunnenstraße 19-21 10119 Berlin www.traderepublic.com Headquarters: Berlin AG Charlottenburg HRB 244347 B VAT-ID DE307510626 Directors Andreas Torner Gernot Mittendorfer Christian Hecker Thomas Pischke"
2025-Jun-06,trade,sell,Sell trade,DE0007030009,RHEINMETALL AG,0.301246,539.44,€540.04,"Trade Sell trade DE0007030009 RHEINMETALL AG, quantity: 0.301246 €539.44 €540.04"
2025-Jun-06,trade,buy,Buy trade,US05464C1018,"AXON ENTERPRISE DL-,00001",0.357244,251.00,€289.04,"Trade Buy trade US05464C1018 AXON ENTERPRISE DL-,00001, quantity: 0.357244 €251.00 €289.04"
2025-Jun-06,trade,buy,Buy trade,XF000SOL0012,Solana,2,269.99,€19.05,"Trade Buy trade XF000SOL0012 Solana, quantity: 2 €269.99 €19.05"
2025-Jun-09,trade,sell,Sell trade,PTSON0AM0001,"SONAE-SGPS, S.A. NA. EO 1",101,122.22,€141.27,"Trade Sell trade PTSON0AM0001 SONAE-SGPS, S.A. NA. EO 1, quantity: 101 €122.22 €141.27"
2025-Jun-10,trade,buy,Buy trade,DE0007030009,RHEINMETALL AG,0.057487,101.00,€40.27,"Trade Buy trade DE0007030009 RHEINMETALL AG, quantity: 0.057487 €101.00 €40.27"
2025-Jun-10,earnings,,Earnings,,,,2.21,€42.48,Cash Dividend for ISIN US30231G1022
2025-Jun-10,trade,sell,Sell trade,PTMEN0AE0005,MOTA-ENGIL NAM. EO 1,53,221.71,€264.19,"Trade Sell trade PTMEN0AE0005 MOTA-ENGIL NAM. EO 1, quantity: 53 €221.71 €264.19"
2025-Jun-10,trade,buy,Buy trade,DE0007030009,RHEINMETALL AG,0.05782,101.00,€163.19,"Trade Buy trade DE0007030009 RHEINMETALL AG, quantity: 0.05782 €101.00 €163.19"
2025-Jun-10,trade,sell,Sell trade,DE0007030009,RHEINMETALL AG,0.115307,188.22,€351.41,"Trade Sell trade DE0007030009 RHEINMETALL AG, quantity: 0.115307 €188.22 €351.41"
2025-Jun-10,trade,buy,Buy trade,US05464C1018,"AXON ENTERPRISE DL-,00001",0.149253,100.97,€250.44,"Trade Buy trade US05464C1018 AXON ENTERPRISE DL-,00001, quantity: 0.149253 €100.97 €250.44"
2025-Jun-11,trade,buy,Buy trade,US88160R1014,"TESLA INC. DL -,001",0.871551,249.00,€1.44,"Trade Buy trade US88160R1014 TESLA INC. DL -,001, quantity: 0.871551 €249.00 €1.44"
2025-Jun-11,trade,sell,Sell trade,PTCTT0AM0001,"CTT-CORREIOS DE PO.EO 0,5",22,162.90,€164.34,"Trade Sell trade PTCTT0AM0001 CTT-CORREIOS DE PO.EO 0,5, quantity: 22 €162.90 €164.34"
2025-Jun-12,earnings,,Earnings,,,,5.15,€169.49,Cash Dividend for ISIN PTMEN0AE0005
2025-Jun-13,trade,buy,Buy trade,US88160R1014,"TESLA INC. DL -,001",0.368663,101.00,€68.49,"Trade Buy trade US88160R1014 TESLA INC. DL -,001, quantity: 0.368663 €101.00 €68.49 TRADE REPUBLIC BANK GMBH BRUNNENSTRASSE 19-21 10119 BERLIN Trade Republic Bank GmbH Brunnenstraße 19-21 10119 Berlin www.traderepublic.com Headquarters: Berlin AG Charlottenburg HRB 244347 B VAT-ID DE307510626 Directors Andreas Torner Gernot Mittendorfer Christian Hecker Thomas Pischke"
2025-Jun-13,trade,sell,Sell trade,IE00BFMXXD54,Vanguard Funds PLC - Vanguard S&P 500 UCITS ETF (USD) Accumulating,0.710364,70.35,€138.84,"Trade Sell trade IE00BFMXXD54 Vanguard Funds PLC - Vanguard S&P 500 UCITS ETF (USD) Accumulating, quantity: 0.710364 €70.35 €138.84"
2025-Jun-13,trade,sell,Sell trade,IE00BFMXXD54,Vanguard Funds PLC - Vanguard S&P 500 UCITS ETF (USD) Accumulating,6,593.22,€732.06,"Trade Sell trade IE00BFMXXD54 Vanguard Funds PLC - Vanguard S&P 500 UCITS ETF (USD) Accumulating, quantity: 6 €593.22 €732.06"
2025-Jun-16,trade,sell,Sell trade,US05464C1018,"AXON ENTERPRISE DL-,00001",0.482782,327.91,€1059.97,"Trade Sell trade US05464C1018 AXON ENTERPRISE DL-,00001, quantity: 0.482782 €327.91 €1,059.97"
2025-Jun-16,trade,sell,Sell trade,US05464C1018,"AXON ENTERPRISE DL-,00001",1.0,678.20,€1738.17,"Trade Sell trade US05464C1018 AXON ENTERPRISE DL-,00001, quantity: 1.0 €678.20 €1,738.17"
2025-Jun-16,trade,sell,Sell trade,US67066G1040,"NVIDIA CORP. DL-,001",0.048354,6.01,€1744.18,"Trade Sell trade US67066G1040 NVIDIA CORP. DL-,001, quantity: 0.048354 €6.01 €1,744.18"
2025-Jun-16,trade,sell,Sell trade,US67066G1040,"NVIDIA CORP. DL-,001",4.0,495.96,€2240.14,"Trade Sell trade US67066G1040 NVIDIA CORP. DL-,001, quantity: 4.0 €495.96 €2,240.14"
2025-Jun-16,trade,buy,Savings plan execution,US67066G1040,"NVIDIA CORP. DL-,001",1.959209,244.00,€1996.14,"Trade Savings plan execution US67066G1040 NVIDIA CORP. DL-,001, quantity: 1.959209 €244.00 €1,996.14"
2025-Jun-17,trade,buy,Buy trade,AU000000DRO2,DRONESHIELD LTD,219.0,250.66,€1745.48,"Trade Buy trade AU000000DRO2 DRONESHIELD LTD, quantity: 219.0 €250.66 €1,745.48"
2025-Jun-17,trade,buy,Buy trade,AU000000DRO2,DRONESHIELD LTD,0.298245,0.34,€1745.14,"Trade Buy trade AU000000DRO2 DRONESHIELD LTD, quantity: 0.298245 €0.34 €1,745.14"
2025-Jun-17,trade,buy,Buy trade,DE0007030009,RHEINMETALL AG,0.28835,501.14,€1244.00,"Trade Buy trade DE0007030009 RHEINMETALL AG, quantity: 0.28835 €501.14 €1,244.00"
2025-Jun-17,trade,buy,Buy trade,DE0007030009,RHEINMETALL AG,0.05782,101.03,€1142.97,"Trade Buy trade DE0007030009 RHEINMETALL AG, quantity: 0.05782 €101.03 €1,142.97"
2025-Jun-17,trade,buy,Buy trade,AU000000DRO2,DRONESHIELD LTD,91.0,100.37,€1042.60,"Trade Buy trade AU000000DRO2 DRONESHIELD LTD, quantity: 91.0 €100.37 €1,042.60"
2025-Jun-17,trade,buy,Buy trade,AU000000DRO2,DRONESHIELD LTD,0.575091,0.63,€1041.97,"Trade Buy trade AU000000DRO2 DRONESHIELD LTD, quantity: 0.575091 €0.63 €1,041.97"
2025-Jun-17,trade,buy,Buy trade,DE0007030009,RHEINMETALL AG,0.144508,251.00,€790.97,"Trade Buy trade DE0007030009 RHEINMETALL AG, quantity: 0.144508 €251.00 €790.97 TRADE REPUBLIC BANK GMBH BRUNNENSTRASSE 19-21 10119 BERLIN Trade Republic Bank GmbH Brunnenstraße 19-21 10119 Berlin www.traderepublic.com Headquarters: Berlin AG Charlottenburg HRB 244347 B VAT-ID DE307510626 Directors Andreas Torner Gernot Mittendorfer Christian Hecker Thomas Pischke"
2025-Jun-23,trade,sell,Sell trade,DE0007030009,RHEINMETALL AG,0.490678,826.04,€1617.01,"Trade Sell trade DE0007030009 RHEINMETALL AG, quantity: 0.490678 €826.04 €1,617.01"
2025-Jun-23,trade,buy,Buy trade,IE00B6R51Z18,iShares V plc - iShares Oil & Gas Exploration & Production UCITS ETF USD (Acc),10,240.75,€1376.26,"Trade Buy trade IE00B6R51Z18 iShares V plc - iShares Oil & Gas Exploration & Production UCITS ETF USD (Acc), quantity: 10 €240.75 €1,376.26"
2025-Jun-23,trade,buy,Buy trade,IE00B6R51Z18,iShares V plc - iShares Oil & Gas Exploration & Production UCITS ETF USD (Acc),0.427528,10.25,€1366.01,"Trade Buy trade IE00B6R51Z18 iShares V plc - iShares Oil & Gas Exploration & Production UCITS ETF USD (Acc), quantity: 0.427528 €10.25 €1,366.01"
2025-Jun-23,trade,buy,Buy trade,IE00B42NKQ00,iShares V plc - iShares S&P 500 Energy Sector UCITS ETF USD (Acc),31,249.93,€1116.08,"Trade Buy trade IE00B42NKQ00 iShares V plc - iShares S&P 500 Energy Sector UCITS ETF USD (Acc), quantity: 31 €249.93 €1,116.08"
2025-Jun-23,trade,buy,Buy trade,IE00B42NKQ00,iShares V plc - iShares S&P 500 Energy Sector UCITS ETF USD (Acc),0.13325,1.07,€1115.01,"Trade Buy trade IE00B42NKQ00 iShares V plc - iShares S&P 500 Energy Sector UCITS ETF USD (Acc), quantity: 0.13325 €1.07 €1,115.01"
2025-Jun-23,trade,buy,Buy trade,IE00BMDKNW35,VanEck UCITS ETFs plc - VanEck Crypto and Blockchain Innovators UCITS ETF,0.908694,8.33,€1106.68,"Trade Buy trade IE00BMDKNW35 VanEck UCITS ETFs plc - VanEck Crypto and Blockchain Innovators UCITS ETF, quantity: 0.908694 €8.33 €1,106.68"
2025-Jun-23,trade,buy,Buy trade,IE00BMDKNW35,VanEck UCITS ETFs plc - VanEck Crypto and Blockchain Innovators UCITS ETF,10,92.67,€1014.01,"Trade Buy trade IE00BMDKNW35 VanEck UCITS ETFs plc - VanEck Crypto and Blockchain Innovators UCITS ETF, quantity: 10 €92.67 €1,014.01"
2025-Jun-23,trade,buy,Buy trade,IE00B3WJKG14,iShares V plc - iShares S&P 500 Information Technology Sector UCITS ETF USD (Acc),0.338892,10.16,€1003.85,"Trade Buy trade IE00B3WJKG14 iShares V plc - iShares S&P 500 Information Technology Sector UCITS ETF USD (Acc), quantity: 0.338892 €10.16 €1,003.85"
2025-Jun-23,trade,buy,Buy trade,IE00B3WJKG14,iShares V plc - iShares S&P 500 Information Technology Sector UCITS ETF USD (Acc),8,240.80,€763.05,"Trade Buy trade IE00B3WJKG14 iShares V plc - iShares S&P 500 Information Technology Sector UCITS ETF USD (Acc), quantity: 8 €240.80 €763.05"
2025-Jun-23,trade,sell,Sell trade,AU000000DRO2,DRONESHIELD LTD,0.873336,0.91,€763.96,"Trade Sell trade AU000000DRO2 DRONESHIELD LTD, quantity: 0.873336 €0.91 €763.96"
2025-Jun-23,trade,sell,Sell trade,AU000000DRO2,DRONESHIELD LTD,310.0,321.40,€1085.36,"Trade Sell trade AU000000DRO2 DRONESHIELD LTD, quantity: 310.0 €321.40 €1,085.36"
2025-Jun-23,trade,buy,Savings plan execution,US67066G1040,"NVIDIA CORP. DL-,001",1.947948,244.00,€841.36,"Trade Savings plan execution US67066G1040 NVIDIA CORP. DL-,001, quantity: 1.947948 €244.00 €841.36"
2025-Jun-23,trade,sell,Sell trade,US88160R1014,"TESLA INC. DL -,001",1,303.20,€1144.56,"Trade Sell trade US88160R1014 TESLA INC. DL -,001, quantity: 1 €303.20 €1,144.56"
2025-Jun-23,trade,sell,Sell trade,US88160R1014,"TESLA INC. DL -,001",0.240214,73.07,€1217.63,"Trade Sell trade US88160R1014 TESLA INC. DL -,001, quantity: 0.240214 €73.07 €1,217.63 TRADE REPUBLIC BANK GMBH BRUNNENSTRASSE 19-21 10119 BERLIN Trade Republic Bank GmbH Brunnenstraße 19-21 10119 Berlin www.traderepublic.com Headquarters: Berlin AG Charlottenburg HRB 244347 B VAT-ID DE307510626 Directors Andreas Torner Gernot Mittendorfer Christian Hecker Thomas Pischke"
2025-Jun-24,trade,sell,Sell trade,IE00B42NKQ00,iShares V plc - iShares S&P 500 Energy Sector UCITS ETF USD (Acc),0.13325,1.00,€1218.63,"Trade Sell trade IE00B42NKQ00 iShares V plc - iShares S&P 500 Energy Sector UCITS ETF USD (Acc), quantity: 0.13325 €1.00 €1,218.63"
2025-Jun-24,trade,sell,Sell trade,IE00B42NKQ00,iShares V plc - iShares S&P 500 Energy Sector UCITS ETF USD (Acc),31,231.62,€1450.25,"Trade Sell trade IE00B42NKQ00 iShares V plc - iShares S&P 500 Energy Sector UCITS ETF USD (Acc), quantity: 31 €231.62 €1,450.25"
2025-Jun-24,trade,sell,Sell trade,IE00B6R51Z18,iShares V plc - iShares Oil & Gas Exploration & Production UCITS ETF USD (Acc),0.427528,9.60,€1459.85,"Trade Sell trade IE00B6R51Z18 iShares V plc - iShares Oil & Gas Exploration & Production UCITS ETF USD (Acc), quantity: 0.427528 €9.60 €1,459.85"
2025-Jun-24,trade,sell,Sell trade,IE00B6R51Z18,iShares V plc - iShares Oil & Gas Exploration & Production UCITS ETF USD (Acc),10,223.60,€1683.45,"Trade Sell trade IE00B6R51Z18 iShares V plc - iShares Oil & Gas Exploration & Production UCITS ETF USD (Acc), quantity: 10 €223.60 €1,683.45"
2025-Jun-24,trade,buy,Buy trade,DE0007030009,RHEINMETALL AG,0.596836,999.51,€683.94,"Trade Buy trade DE0007030009 RHEINMETALL AG, quantity: 0.596836 €999.51 €683.94"
2025-Jun-24,trade,buy,Buy trade,DE0007030009,RHEINMETALL AG,0.060042,100.97,€582.97,"Trade Buy trade DE0007030009 RHEINMETALL AG, quantity: 0.060042 €100.97 €582.97"
2025-Jun-24,trade,sell,Sell trade,DE0007030009,RHEINMETALL AG,0.656878,1129.49,€1712.46,"Trade Sell trade DE0007030009 RHEINMETALL AG, quantity: 0.656878 €1,129.49 €1,712.46"
2025-Jun-25,trade,buy,Buy trade,AU000000DRO2,DRONESHIELD LTD,0.448217,0.53,€1711.93,"Trade Buy trade AU000000DRO2 DRONESHIELD LTD, quantity: 0.448217 €0.53 €1,711.93"
2025-Jun-25,trade,buy,Buy trade,AU000000DRO2,DRONESHIELD LTD,424.0,500.47,€1211.46,"Trade Buy trade AU000000DRO2 DRONESHIELD LTD, quantity: 424.0 €500.47 €1,211.46"
2025-Jun-25,trade,sell,Sell trade,AU000000DRO2,DRONESHIELD LTD,0.448217,0.51,€1211.97,"Trade Sell trade AU000000DRO2 DRONESHIELD LTD, quantity: 0.448217 €0.51 €1,211.97"
2025-Jun-25,trade,sell,Sell trade,AU000000DRO2,DRONESHIELD LTD,424.0,484.90,€1696.87,"Trade Sell trade AU000000DRO2 DRONESHIELD LTD, quantity: 424.0 €484.90 €1,696.87"
2025-Jun-25,trade,buy,Buy trade,AU000000DRO2,DRONESHIELD LTD,0.79258,0.94,€1695.93,"Trade Buy trade AU000000DRO2 DRONESHIELD LTD, quantity: 0.79258 €0.94 €1,695.93"
2025-Jun-25,trade,buy,Buy trade,AU000000DRO2,DRONESHIELD LTD,210.0,250.06,€1445.87,"Trade Buy trade AU000000DRO2 DRONESHIELD LTD, quantity: 210.0 €250.06 €1,445.87"
2025-Jun-26,trade,sell,Sell trade,AU000000DRO2,DRONESHIELD LTD,0.79258,1.04,€1446.91,"Trade Sell trade AU000000DRO2 DRONESHIELD LTD, quantity: 0.79258 €1.04 €1,446.91 TRADE REPUBLIC BANK GMBH BRUNNENSTRASSE 19-21 10119 BERLIN Trade Republic Bank GmbH Brunnenstraße 19-21 10119 Berlin www.traderepublic.com Headquarters: Berlin AG Charlottenburg HRB 244347 B VAT-ID DE307510626 Directors Andreas Torner Gernot Mittendorfer Christian Hecker Thomas Pischke"
2025-Jun-26,trade,sell,Sell trade,AU000000DRO2,DRONESHIELD LTD,210.0,274.94,€1721.85,"Trade Sell trade AU000000DRO2 DRONESHIELD LTD, quantity: 210.0 €274.94 €1,721.85"
2025-Jun-26,trade,buy,Buy trade,AU000000DRO2,DRONESHIELD LTD,175.0,250.55,€1471.30,"Trade Buy trade AU000000DRO2 DRONESHIELD LTD, quantity: 175.0 €250.55 €1,471.30"
2025-Jun-26,trade,buy,Buy trade,AU000000DRO2,DRONESHIELD LTD,0.315568,0.45,€1470.85,"Trade Buy trade AU000000DRO2 DRONESHIELD LTD, quantity: 0.315568 €0.45 €1,470.85"
2025-Jun-26,trade,buy,Buy trade,AU000000DRO2,DRONESHIELD LTD,177.0,250.57,€1220.28,"Trade Buy trade AU000000DRO2 DRONESHIELD LTD, quantity: 177.0 €250.57 €1,220.28"
2025-Jun-26,trade,buy,Buy trade,AU000000DRO2,DRONESHIELD LTD,0.304964,0.43,€1219.85,"Trade Buy trade AU000000DRO2 DRONESHIELD LTD, quantity: 0.304964 €0.43 €1,219.85"
2025-Jun-26,trade,sell,Sell trade,XF000SOL0012,Solana,3.053983,369.32,€1589.17,"Trade Sell trade XF000SOL0012 Solana, quantity: 3.053983 €369.32 €1,589.17"
2025-Jun-26,trade,buy,Buy trade,AU000000DRO2,DRONESHIELD LTD,0.884253,1.31,€1587.86,"Trade Buy trade AU000000DRO2 DRONESHIELD LTD, quantity: 0.884253 €1.31 €1,587.86"
2025-Jun-26,trade,buy,Buy trade,AU000000DRO2,DRONESHIELD LTD,201.0,299.69,€1288.17,"Trade Buy trade AU000000DRO2 DRONESHIELD LTD, quantity: 201.0 €299.69 €1,288.17"
2025-Jun-26,trade,sell,Sell trade,US67066G1040,"NVIDIA CORP. DL-,001",3,395.96,€1684.13,"Trade Sell trade US67066G1040 NVIDIA CORP. DL-,001, quantity: 3 €395.96 €1,684.13"
2025-Jun-26,trade,sell,Sell trade,US67066G1040,"NVIDIA CORP. DL-,001",0.907157,120.04,€1804.17,"Trade Sell trade US67066G1040 NVIDIA CORP. DL-,001, quantity: 0.907157 €120.04 €1,804.17"
2025-Jun-26,trade,buy,Buy trade,AU000000DRO2,DRONESHIELD LTD,0.521861,0.74,€1803.43,"Trade Buy trade AU000000DRO2 DRONESHIELD LTD, quantity: 0.521861 €0.74 €1,803.43"
2025-Jun-26,trade,buy,Buy trade,AU000000DRO2,DRONESHIELD LTD,70.0,100.26,€1703.17,"Trade Buy trade AU000000DRO2 DRONESHIELD LTD, quantity: 70.0 €100.26 €1,703.17"
2025-Jun-27,trade,sell,Sell trade,AU000000DRO2,DRONESHIELD LTD,625.0,806.50,€2509.67,"Trade Sell trade AU000000DRO2 DRONESHIELD LTD, quantity: 625.0 €806.50 €2,509.67"
2025-Jun-27,trade,sell,Sell trade,AU000000DRO2,DRONESHIELD LTD,0.026646,0.03,€2509.70,"Trade Sell trade AU000000DRO2 DRONESHIELD LTD, quantity: 0.026646 €0.03 €2,509.70 TRADE REPUBLIC BANK GMBH BRUNNENSTRASSE 19-21 10119 BERLIN Trade Republic Bank GmbH Brunnenstraße 19-21 10119 Berlin www.traderepublic.com Headquarters: Berlin AG Charlottenburg HRB 244347 B VAT-ID DE307510626 Directors Andreas Torner Gernot Mittendorfer Christian Hecker Thomas Pischke"
2025-Jun-27,trade,buy,Buy trade,AU000000DRO2,DRONESHIELD LTD,379.0,499.76,€2009.94,"Trade Buy trade AU000000DRO2 DRONESHIELD LTD, quantity: 379.0 €499.76 €2,009.94"
2025-Jun-27,trade,buy,Buy trade,AU000000DRO2,DRONESHIELD LTD,0.939209,1.24,€2008.70,"Trade Buy trade AU000000DRO2 DRONESHIELD LTD, quantity: 0.939209 €1.24 €2,008.70"
2025-Jun-27,trade,buy,Buy trade,DE0007030009,RHEINMETALL AG,1,1813.50,€195.20,"Trade Buy trade DE0007030009 RHEINMETALL AG, quantity: 1 €1,813.50 €195.20"
2025-Jun-27,trade,sell,Sell trade,IE00BMDKNW35,VanEck UCITS ETFs plc - VanEck Crypto and Blockchain Innovators UCITS ETF,10,97.24,€292.44,"Trade Sell trade IE00BMDKNW35 VanEck UCITS ETFs plc - VanEck Crypto and Blockchain Innovators UCITS ETF, quantity: 10 €97.24 €292.44"
2025-Jun-27,trade,sell,Sell trade,IE00BMDKNW35,VanEck UCITS ETFs plc - VanEck Crypto and Blockchain Innovators UCITS ETF,0.908694,8.93,€301.37,"Trade Sell trade IE00BMDKNW35 VanEck UCITS ETFs plc - VanEck Crypto and Blockchain Innovators UCITS ETF, quantity: 0.908694 €8.93 €301.37"
2025-Jun-27,trade,buy,Buy trade,DE0007030009,RHEINMETALL AG,0.140095,250.86,€50.51,"Trade Buy trade DE0007030009 RHEINMETALL AG, quantity: 0.140095 €250.86 €50.51"
2025-Jun-27,trade,sell,Sell trade,IE00B3WJKG14,iShares V plc - iShares S&P 500 Information Technology Sector UCITS ETF USD (Acc),0.338892,10.49,€61.00,"Trade Sell trade IE00B3WJKG14 iShares V plc - iShares S&P 500 Information Technology Sector UCITS ETF USD (Acc), quantity: 0.338892 €10.49 €61.00"
2025-Jun-27,trade,sell,Sell trade,IE00B3WJKG14,iShares V plc - iShares S&P 500 Information Technology Sector UCITS ETF USD (Acc),8,246.64,€307.64,"Trade Sell trade IE00B3WJKG14 iShares V plc - iShares S&P 500 Information Technology Sector UCITS ETF USD (Acc), quantity: 8 €246.64 €307.64"
2025-Jun-28,trade,buy,Buy trade,XF000SOL0012,Solana,2.050669,269.00,€38.64,"Trade Buy trade XF000SOL0012 Solana, quantity: 2.050669 €269.00 €38.64"
2025-Jun-30,trade,sell,Sell trade,AU000000DRO2,DRONESHIELD LTD,0.939209,1.27,€39.91,"Trade Sell trade AU000000DRO2 DRONESHIELD LTD, quantity: 0.939209 €1.27 €39.91"
2025-Jun-30,trade,sell,Sell trade,AU000000DRO2,DRONESHIELD LTD,379.0,511.41,€551.32,"Trade Sell trade AU000000DRO2 DRONESHIELD LTD, quantity: 379.0 €511.41 €551.32"
2025-Jun-30,trade,sell,Sell trade,IE00B4L5Y983,iShares III plc - iShares Core MSCI World UCITS ETF USD (Acc),0.99337,99.66,€650.98,"Trade Sell trade IE00B4L5Y983 iShares III plc - iShares Core MSCI World UCITS ETF USD (Acc), quantity: 0.99337 €99.66 €650.98"
2025-Jun-30,trade,sell,Sell trade,IE00B4L5Y983,iShares III plc - iShares Core MSCI World UCITS ETF USD (Acc),2,199.66,€850.64,"Trade Sell trade IE00B4L5Y983 iShares III plc - iShares Core MSCI World UCITS ETF USD (Acc), quantity: 2 €199.66 €850.64"
2025-Jun-30,trade,buy,Buy trade,DE0007030009,RHEINMETALL AG,0.420639,751.00,€99.64,"Trade Buy trade DE0007030009 RHEINMETALL AG, quantity: 0.420639 €751.00 €99.64 TRADE REPUBLIC BANK GMBH BRUNNENSTRASSE 19-21 10119 BERLIN Trade Republic Bank GmbH Brunnenstraße 19-21 10119 Berlin www.traderepublic.com Headquarters: Berlin AG Charlottenburg HRB 244347 B VAT-ID DE307510626 Directors Andreas Torner Gernot Mittendorfer Christian Hecker Thomas Pischke"
2025-Jul-01,interest,,Interest,,,,0.96,€100.60,Interest payment
2025-Jul-01,trade,buy,Buy trade,FR001400SVN0,DRONE VOLT SACA EO 1,0.39938,0.39,€100.21,"Trade Buy trade FR001400SVN0 DRONE VOLT SACA EO 1, quantity: 0.39938 €0.39 €100.21"
2025-Jul-01,trade,buy,Buy trade,FR001400SVN0,DRONE VOLT SACA EO 1,77.0,75.61,€24.60,"Trade Buy trade FR001400SVN0 DRONE VOLT SACA EO 1, quantity: 77.0 €75.61 €24.60"
2025-Jul-01,trade,sell,Sell trade,DE0007030009,RHEINMETALL AG,1,1768.00,€1792.60,"Trade Sell trade DE0007030009 RHEINMETALL AG, quantity: 1 €1,768.00 €1,792.60"
2025-Jul-01,trade,sell,Sell trade,DE0007030009,RHEINMETALL AG,0.560734,991.94,€2784.54,"Trade Sell trade DE0007030009 RHEINMETALL AG, quantity: 0.560734 €991.94 €2,784.54"
2025-Jul-01,trade,buy,Buy trade,US72919P2020,"PLUG POWER INC. DL-,01",393,500.50,€2284.04,"Trade Buy trade US72919P2020 PLUG POWER INC. DL-,01, quantity: 393 €500.50 €2,284.04"
2025-Jul-01,trade,buy,Buy trade,US72919P2020,"PLUG POWER INC. DL-,01",0.39103,0.50,€2283.54,"Trade Buy trade US72919P2020 PLUG POWER INC. DL-,01, quantity: 0.39103 €0.50 €2,283.54"
2025-Jul-01,trade,sell,Sell trade,XF000SOL0012,Solana,2.050669,253.08,€2536.62,"Trade Sell trade XF000SOL0012 Solana, quantity: 2.050669 €253.08 €2,536.62"
2025-Jul-01,trade,buy,Buy trade,US72919P2020,"PLUG POWER INC. DL-,01",0.087542,0.10,€2536.52,"Trade Buy trade US72919P2020 PLUG POWER INC. DL-,01, quantity: 0.087542 €0.10 €2,536.52"
2025-Jul-01,trade,buy,Buy trade,US72919P2020,"PLUG POWER INC. DL-,01",42,50.90,€2485.62,"Trade Buy trade US72919P2020 PLUG POWER INC. DL-,01, quantity: 42 €50.90 €2,485.62"
2025-Jul-02,trade,buy,Buy trade,DE0007030009,RHEINMETALL AG,0.298864,501.00,€1984.62,"Trade Buy trade DE0007030009 RHEINMETALL AG, quantity: 0.298864 €501.00 €1,984.62"
2025-Jul-02,trade,buy,Buy trade,US72919P2020,"PLUG POWER INC. DL-,01",0.8781,1.08,€1983.54,"Trade Buy trade US72919P2020 PLUG POWER INC. DL-,01, quantity: 0.8781 €1.08 €1,983.54"
2025-Jul-02,trade,buy,Buy trade,US72919P2020,"PLUG POWER INC. DL-,01",607,749.43,€1234.11,"Trade Buy trade US72919P2020 PLUG POWER INC. DL-,01, quantity: 607 €749.43 €1,234.11"
2025-Jul-02,trade,buy,Savings plan execution,IE00B4L5Y983,iShares III plc - iShares Core MSCI World UCITS ETF USD (Acc),0.978141,98.00,€1136.11,"Trade Savings plan execution IE00B4L5Y983 iShares III plc - iShares Core MSCI World UCITS ETF USD (Acc), quantity: 0.978141 €98.00 €1,136.11 TRADE REPUBLIC BANK GMBH BRUNNENSTRASSE 19-21 10119 BERLIN Trade Republic Bank GmbH Brunnenstraße 19-21 10119 Berlin www.traderepublic.com Headquarters: Berlin AG Charlottenburg HRB 244347 B VAT-ID DE307510626 Directors Andreas Torner Gernot Mittendorfer Christian Hecker Thomas Pischke"
2025-Jul-02,trade,buy,Savings plan execution,US05464C1018,"AXON ENTERPRISE DL-,00001",0.511124,340.00,€796.11,"Trade Savings plan execution US05464C1018 AXON ENTERPRISE DL-,00001, quantity: 0.511124 €340.00 €796.11"
2025-Jul-03,earnings,,Earnings,,,,0.02,€796.13,Cash Dividend for ISIN US67066G1040
2025-Jul-03,trade,sell,Sell trade,DE0007030009,RHEINMETALL AG,0.298864,510.66,€1306.79,"Trade Sell trade DE0007030009 RHEINMETALL AG, quantity: 0.298864 €510.66 €1,306.79"
2025-Jul-03,trade,sell,Sell trade,US72919P2020,"PLUG POWER INC. DL-,01",1043,1346.76,€2653.55,"Trade Sell trade US72919P2020 PLUG POWER INC. DL-,01, quantity: 1043 €1,346.76 €2,653.55"
2025-Jul-03,trade,sell,Sell trade,US72919P2020,"PLUG POWER INC. DL-,01",0.356672,0.46,€2654.01,"Trade Sell trade US72919P2020 PLUG POWER INC. DL-,01, quantity: 0.356672 €0.46 €2,654.01"
2025-Jul-04,trade,sell,Sell trade,FR001400SVN0,DRONE VOLT SACA EO 1,77.39938,82.13,€2736.14,"Trade Sell trade FR001400SVN0 DRONE VOLT SACA EO 1, quantity: 77.39938 €82.13 €2,736.14"
2025-Jul-08,trade,buy,Buy trade,FR001400SVN0,DRONE VOLT SACA EO 1,850,1038.00,€1698.14,"Trade Buy trade FR001400SVN0 DRONE VOLT SACA EO 1, quantity: 850 €1,038.00 €1,698.14"
2025-Jul-08,trade,sell,Sell trade,FR001400SVN0,DRONE VOLT SACA EO 1,850,1092.10,€2790.24,"Trade Sell trade FR001400SVN0 DRONE VOLT SACA EO 1, quantity: 850 €1,092.10 €2,790.24"
2025-Jul-08,trade,buy,Buy trade,FR001400SVN0,DRONE VOLT SACA EO 1,1100,1508.00,€1282.24,"Trade Buy trade FR001400SVN0 DRONE VOLT SACA EO 1, quantity: 1100 €1,508.00 €1,282.24"
2025-Jul-08,trade,sell,Sell trade,IE00B4L5Y983,iShares III plc - iShares Core MSCI World UCITS ETF USD (Acc),0.978141,97.77,€1380.01,"Trade Sell trade IE00B4L5Y983 iShares III plc - iShares Core MSCI World UCITS ETF USD (Acc), quantity: 0.978141 €97.77 €1,380.01"
2025-Jul-08,trade,sell,Sell trade,FR001400SVN0,DRONE VOLT SACA EO 1,1100,1536.80,€2916.81,"Trade Sell trade FR001400SVN0 DRONE VOLT SACA EO 1, quantity: 1100 €1,536.80 €2,916.81"
2025-Jul-09,trade,buy,Buy trade,FR001400SVN0,DRONE VOLT SACA EO 1,1150,1631.70,€1285.11,"Trade Buy trade FR001400SVN0 DRONE VOLT SACA EO 1, quantity: 1150 €1,631.70 €1,285.11"
2025-Jul-09,trade,sell,Sell trade,FR001400SVN0,DRONE VOLT SACA EO 1,1150,1691.80,€2976.91,"Trade Sell trade FR001400SVN0 DRONE VOLT SACA EO 1, quantity: 1150 €1,691.80 €2,976.91"
2025-Jul-09,trade,sell,Sell trade,FR001400SVN0,DRONE VOLT SACA EO 1,1500,1991.00,€4967.91,"Trade Sell trade FR001400SVN0 DRONE VOLT SACA EO 1, quantity: 1500 €1,991.00 €4,967.91 TRADE REPUBLIC BANK GMBH BRUNNENSTRASSE 19-21 10119 BERLIN Trade Republic Bank GmbH Brunnenstraße 19-21 10119 Berlin www.traderepublic.com Headquarters: Berlin AG Charlottenburg HRB 244347 B VAT-ID DE307510626 Directors Andreas Torner Gernot Mittendorfer Christian Hecker Thomas Pischke"
2025-Jul-09,trade,buy,Buy trade,FR001400SVN0,DRONE VOLT SACA EO 1,2500,3426.00,€1541.91,"Trade Buy trade FR001400SVN0 DRONE VOLT SACA EO 1, quantity: 2500 €3,426.00 €1,541.91"
2025-Jul-10,trade,sell,Sell trade,FR001400SVN0,DRONE VOLT SACA EO 1,2500,2699.00,€4240.91,"Trade Sell trade FR001400SVN0 DRONE VOLT SACA EO 1, quantity: 2500 €2,699.00 €4,240.91"
2025-Jul-10,trade,sell,Sell trade,US05464C1018,"AXON ENTERPRISE DL-,00001",0.511124,342.58,€4583.49,"Trade Sell trade US05464C1018 AXON ENTERPRISE DL-,00001, quantity: 0.511124 €342.58 €4,583.49"
2025-Jul-10,trade,buy,Buy trade,FR001400SVN0,DRONE VOLT SACA EO 1,1000,1261.00,€3322.49,"Trade Buy trade FR001400SVN0 DRONE VOLT SACA EO 1, quantity: 1000 €1,261.00 €3,322.49"
2025-Jul-10,trade,sell,Sell trade,FR001400SVN0,DRONE VOLT SACA EO 1,1000,1273.00,€4595.49,"Trade Sell trade FR001400SVN0 DRONE VOLT SACA EO 1, quantity: 1000 €1,273.00 €4,595.49"
2025-Jul-10,trade,buy,Buy trade,FR001400SVN0,DRONE VOLT SACA EO 1,1500,1867.00,€2728.49,"Trade Buy trade FR001400SVN0 DRONE VOLT SACA EO 1, quantity: 1500 €1,867.00 €2,728.49"
2025-Jul-10,trade,sell,Sell trade,FR001400SVN0,DRONE VOLT SACA EO 1,1500,1922.00,€4650.49,"Trade Sell trade FR001400SVN0 DRONE VOLT SACA EO 1, quantity: 1500 €1,922.00 €4,650.49"
2025-Jul-10,trade,buy,Buy trade,FR001400SVN0,DRONE VOLT SACA EO 1,1500,1921.00,€2729.49,"Trade Buy trade FR001400SVN0 DRONE VOLT SACA EO 1, quantity: 1500 €1,921.00 €2,729.49"
2025-Jul-14,trade,buy,Buy trade,AU000000DRO2,DRONESHIELD LTD,1000,1871.00,€858.49,"Trade Buy trade AU000000DRO2 DRONESHIELD LTD, quantity: 1000 €1,871.00 €858.49"
2025-Jul-14,trade,sell,Sell trade,AU000000DRO2,DRONESHIELD LTD,1000,1843.00,€2701.49,"Trade Sell trade AU000000DRO2 DRONESHIELD LTD, quantity: 1000 €1,843.00 €2,701.49"
2025-Jul-14,trade,buy,Buy trade,AU000000DRO2,DRONESHIELD LTD,1000,2001.00,€700.49,"Trade Buy trade AU000000DRO2 DRONESHIELD LTD, quantity: 1000 €2,001.00 €700.49"
2025-Jul-14,trade,sell,Sell trade,AU000000DRO2,DRONESHIELD LTD,1000,1943.00,€2643.49,"Trade Sell trade AU000000DRO2 DRONESHIELD LTD, quantity: 1000 €1,943.00 €2,643.49"
2025-Jul-14,trade,buy,Buy trade,FR001400H2X4,"TONNER DRONES S.A. EO-,10",9000,315.10,€2328.39,"Trade Buy trade FR001400H2X4 TONNER DRONES S.A. EO-,10, quantity: 9000 €315.10 €2,328.39"
2025-Jul-14,trade,buy,Buy trade,US72919P2020,"PLUG POWER INC. DL-,01",589,799.68,€1528.71,"Trade Buy trade US72919P2020 PLUG POWER INC. DL-,01, quantity: 589 €799.68 €1,528.71 TRADE REPUBLIC BANK GMBH BRUNNENSTRASSE 19-21 10119 BERLIN Trade Republic Bank GmbH Brunnenstraße 19-21 10119 Berlin www.traderepublic.com Headquarters: Berlin AG Charlottenburg HRB 244347 B VAT-ID DE307510626 Directors Andreas Torner Gernot Mittendorfer Christian Hecker Thomas Pischke"
2025-Jul-14,trade,buy,Buy trade,CA2449161025,DEFI TECHNOLOGIES INC.,204,599.74,€928.97,"Trade Buy trade CA2449161025 DEFI TECHNOLOGIES INC., quantity: 204 €599.74 €928.97"
2025-Jul-14,trade,sell,Sell trade,FR001400H2X4,"TONNER DRONES S.A. EO-,10",9000,323.00,€1251.97,"Trade Sell trade FR001400H2X4 TONNER DRONES S.A. EO-,10, quantity: 9000 €323.00 €1,251.97"
2025-Jul-15,trade,buy,Buy trade,AU000000DRO2,DRONESHIELD LTD,444,995.56,€256.41,"Trade Buy trade AU000000DRO2 DRONESHIELD LTD, quantity: 444 €995.56 €256.41"
2025-Jul-16,trade,sell,Sell trade,AU000000DRO2,DRONESHIELD LTD,444,886.11,€1142.52,"Trade Sell trade AU000000DRO2 DRONESHIELD LTD, quantity: 444 €886.11 €1,142.52"
2025-Jul-17,trade,sell,Sell trade,US72919P2020,"PLUG POWER INC. DL-,01",589,784.96,€1927.48,"Trade Sell trade US72919P2020 PLUG POWER INC. DL-,01, quantity: 589 €784.96 €1,927.48"
2025-Jul-17,trade,buy,Buy trade,US72919P2020,"PLUG POWER INC. DL-,01",1000,1381.00,€546.48,"Trade Buy trade US72919P2020 PLUG POWER INC. DL-,01, quantity: 1000 €1,381.00 €546.48"
2025-Jul-17,trade,sell,Sell trade,US72919P2020,"PLUG POWER INC. DL-,01",1000,1409.20,€1955.68,"Trade Sell trade US72919P2020 PLUG POWER INC. DL-,01, quantity: 1000 €1,409.20 €1,955.68"
2025-Jul-18,trade,sell,Sell trade,CA2449161025,DEFI TECHNOLOGIES INC.,204,597.74,€2553.42,"Trade Sell trade CA2449161025 DEFI TECHNOLOGIES INC., quantity: 204 €597.74 €2,553.42"
2025-Jul-20,trade,buy,Buy trade,XF000DOGE012,Dogecoin,2568,601.85,€1951.57,"Trade Buy trade XF000DOGE012 Dogecoin, quantity: 2568 €601.85 €1,951.57"
2025-Jul-21,trade,buy,Buy trade,US92343V1044,"VERIZON COMM. INC. DL-,10",41,1507.75,€443.82,"Trade Buy trade US92343V1044 VERIZON COMM. INC. DL-,10, quantity: 41 €1,507.75 €443.82"
2025-Jul-21,trade,sell,Sell trade,US92343V1044,"VERIZON COMM. INC. DL-,10",41,1501.65,€1945.47,"Trade Sell trade US92343V1044 VERIZON COMM. INC. DL-,10, quantity: 41 €1,501.65 €1,945.47"
2025-Jul-21,trade,sell,Sell trade,XF000DOGE012,Dogecoin,2568,603.21,€2548.68,"Trade Sell trade XF000DOGE012 Dogecoin, quantity: 2568 €603.21 €2,548.68"
2025-Jul-23,trade,buy,Buy trade,US4622601007,"IOVANCE BIOTHERAP.DL-,001",0.830744,3.05,€2545.63,"Trade Buy trade US4622601007 IOVANCE BIOTHERAP.DL-,001, quantity: 0.830744 €3.05 €2,545.63"
2025-Jul-23,trade,buy,Buy trade,US4622601007,"IOVANCE BIOTHERAP.DL-,001",408.0,1497.95,€1047.68,"Trade Buy trade US4622601007 IOVANCE BIOTHERAP.DL-,001, quantity: 408.0 €1,497.95 €1,047.68 TRADE REPUBLIC BANK GMBH BRUNNENSTRASSE 19-21 10119 BERLIN Trade Republic Bank GmbH Brunnenstraße 19-21 10119 Berlin www.traderepublic.com Headquarters: Berlin AG Charlottenburg HRB 244347 B VAT-ID DE307510626 Directors Andreas Torner Gernot Mittendorfer Christian Hecker Thomas Pischke"
2025-Jul-23,trade,sell,Sell trade,US4622601007,"IOVANCE BIOTHERAP.DL-,001",0.830744,1.92,€1049.60,"Trade Sell trade US4622601007 IOVANCE BIOTHERAP.DL-,001, quantity: 0.830744 €1.92 €1,049.60"
2025-Jul-23,trade,sell,Sell trade,US4622601007,"IOVANCE BIOTHERAP.DL-,001",408,1439.65,€2489.25,"Trade Sell trade US4622601007 IOVANCE BIOTHERAP.DL-,001, quantity: 408 €1,439.65 €2,489.25"
2025-Jul-23,trade,buy,Buy trade,US67066G1040,"NVIDIA CORP. DL-,001",2,290.08,€2199.17,"Trade Buy trade US67066G1040 NVIDIA CORP. DL-,001, quantity: 2 €290.08 €2,199.17"
2025-Jul-23,trade,buy,Buy trade,IE00B4K48X80,iShares III plc - iShares Core MSCI Europe UCITS ETF EUR (Acc),3,261.13,€1938.04,"Trade Buy trade IE00B4K48X80 iShares III plc - iShares Core MSCI Europe UCITS ETF EUR (Acc), quantity: 3 €261.13 €1,938.04"
2025-Jul-23,trade,buy,Buy trade,IE00BLSN7W87,UBS S&P 500 ESG Elite UCITS ETF hEUR acc,10,162.26,€1775.78,"Trade Buy trade IE00BLSN7W87 UBS S&P 500 ESG Elite UCITS ETF hEUR acc, quantity: 10 €162.26 €1,775.78"
2025-Jul-23,trade,buy,Buy trade,IE00B3WJKG14,iShares V plc - iShares S&P 500 Information Technology Sector UCITS ETF USD (Acc),10,319.80,€1455.98,"Trade Buy trade IE00B3WJKG14 iShares V plc - iShares S&P 500 Information Technology Sector UCITS ETF USD (Acc), quantity: 10 €319.80 €1,455.98"
2025-Jul-23,trade,buy,Buy trade,IE00BFMXXD54,Vanguard Funds PLC - Vanguard S&P 500 UCITS ETF (USD) Accumulating,5,517.68,€938.30,"Trade Buy trade IE00BFMXXD54 Vanguard Funds PLC - Vanguard S&P 500 UCITS ETF (USD) Accumulating, quantity: 5 €517.68 €938.30"
2025-Jul-23,trade,buy,Buy trade,XF000SOL0012,Solana,1,165.68,€772.62,"Trade Buy trade XF000SOL0012 Solana, quantity: 1 €165.68 €772.62"
2025-Jul-24,trade,buy,Buy trade,US6960775020,"PALATIN TECHS DL-,01",1000,298.00,€474.62,"Trade Buy trade US6960775020 PALATIN TECHS DL-,01, quantity: 1000 €298.00 €474.62"
2025-Jul-24,trade,sell,Sell trade,US6960775020,"PALATIN TECHS DL-,01",1000,371.00,€845.62,"Trade Sell trade US6960775020 PALATIN TECHS DL-,01, quantity: 1000 €371.00 €845.62"
2025-Jul-29,trade,buy,Buy trade,AU0000031411,GIBB RIVER DIAMONDS LTD,6062,201.05,€644.57,"Trade Buy trade AU0000031411 GIBB RIVER DIAMONDS LTD, quantity: 6062 €201.05 €644.57"
2025-Jul-29,trade,buy,Buy trade,DE0007030009,RHEINMETALL AG,0.345838,591.00,€53.57,"Trade Buy trade DE0007030009 RHEINMETALL AG, quantity: 0.345838 €591.00 €53.57"
2025-Jul-29,trade,sell,Sell trade,AU0000031411,GIBB RIVER DIAMONDS LTD,6062,114.18,€167.75,"Trade Sell trade AU0000031411 GIBB RIVER DIAMONDS LTD, quantity: 6062 €114.18 €167.75"
2025-Jul-29,trade,buy,Buy trade,US0079031078,"ADVANCED MIC.DEV. DL-,01",1,152.92,€14.83,"Trade Buy trade US0079031078 ADVANCED MIC.DEV. DL-,01, quantity: 1 €152.92 €14.83 TRADE REPUBLIC BANK GMBH BRUNNENSTRASSE 19-21 10119 BERLIN Trade Republic Bank GmbH Brunnenstraße 19-21 10119 Berlin www.traderepublic.com Headquarters: Berlin AG Charlottenburg HRB 244347 B VAT-ID DE307510626 Directors Andreas Torner Gernot Mittendorfer Christian Hecker Thomas Pischke"
2025-Jul-29,trade,sell,Sell trade,IE00BLSN7W87,UBS S&P 500 ESG Elite UCITS ETF hEUR acc,10,162.28,€177.11,"Trade Sell trade IE00BLSN7W87 UBS S&P 500 ESG Elite UCITS ETF hEUR acc, quantity: 10 €162.28 €177.11"
2025-Jul-29,trade,sell,Sell trade,IE00B4K48X80,iShares III plc - iShares Core MSCI Europe UCITS ETF EUR (Acc),3,259.61,€436.72,"Trade Sell trade IE00B4K48X80 iShares III plc - iShares Core MSCI Europe UCITS ETF EUR (Acc), quantity: 3 €259.61 €436.72"
2025-Jul-29,trade,buy,Buy trade,DK0062498333,"NOVO-NORDISK AS B DK 0,1",2,94.72,€342.00,"Trade Buy trade DK0062498333 NOVO-NORDISK AS B DK 0,1, quantity: 2 €94.72 €342.00"
2025-Aug-01,interest,,Interest,,,,3.02,€345.02,Interest payment
2025-Aug-01,trade,sell,Sell trade,DK0062498333,"NOVO-NORDISK AS B DK 0,1",2,79.77,€424.79,"Trade Sell trade DK0062498333 NOVO-NORDISK AS B DK 0,1, quantity: 2 €79.77 €424.79"
2025-Aug-01,trade,buy,Buy trade,FR0010524777,MULTI UNITS FRANCE - Amundi MSCI New Energy UCITS ETF Dist,10,282.30,€142.49,"Trade Buy trade FR0010524777 MULTI UNITS FRANCE - Amundi MSCI New Energy UCITS ETF Dist, quantity: 10 €282.30 €142.49"
2025-Aug-01,trade,buy,Buy trade,IE00BM67HL84,Xtrackers (IE) Plc - Xtrackers MSCI World Financials UCITS ETF 1C,4,139.08,€3.41,"Trade Buy trade IE00BM67HL84 Xtrackers (IE) Plc - Xtrackers MSCI World Financials UCITS ETF 1C, quantity: 4 €139.08 €3.41"
2025-Aug-01,transfer,,Transfer,,,,2500.00,€2503.41,Depósito aceite: PT50002300004571571297194 para DE49120700700123410552
2025-Aug-01,trade,buy,Buy trade,XF000SOL0012,Solana,1,142.22,€2361.19,"Trade Buy trade XF000SOL0012 Solana, quantity: 1 €142.22 €2,361.19"
2025-Aug-04,trade,buy,Buy trade,IE00BM67HL84,Xtrackers (IE) Plc - Xtrackers MSCI World Financials UCITS ETF 1C,18,613.45,€1747.74,"Trade Buy trade IE00BM67HL84 Xtrackers (IE) Plc - Xtrackers MSCI World Financials UCITS ETF 1C, quantity: 18 €613.45 €1,747.74"
2025-Aug-04,trade,buy,Buy trade,IE00BFMXXD54,Vanguard Funds PLC - Vanguard S&P 500 UCITS ETF (USD) Accumulating,10,1037.00,€710.74,"Trade Buy trade IE00BFMXXD54 Vanguard Funds PLC - Vanguard S&P 500 UCITS ETF (USD) Accumulating, quantity: 10 €1,037.00 €710.74"
2025-Aug-04,trade,buy,Buy trade,DE0007030009,RHEINMETALL AG,0.154162,270.55,€440.19,"Trade Buy trade DE0007030009 RHEINMETALL AG, quantity: 0.154162 €270.55 €440.19"
2025-Aug-04,trade,buy,Buy trade,US0079031078,"ADVANCED MIC.DEV. DL-,01",1,151.96,€288.23,"Trade Buy trade US0079031078 ADVANCED MIC.DEV. DL-,01, quantity: 1 €151.96 €288.23"
2025-Aug-06,trade,sell,Sell trade,FR0010524777,MULTI UNITS FRANCE - Amundi MSCI New Energy UCITS ETF Dist,10,282.50,€570.73,"Trade Sell trade FR0010524777 MULTI UNITS FRANCE - Amundi MSCI New Energy UCITS ETF Dist, quantity: 10 €282.50 €570.73 TRADE REPUBLIC BANK GMBH BRUNNENSTRASSE 19-21 10119 BERLIN Trade Republic Bank GmbH Brunnenstraße 19-21 10119 Berlin www.traderepublic.com Headquarters: Berlin AG Charlottenburg HRB 244347 B VAT-ID DE307510626 Directors Andreas Torner Gernot Mittendorfer Christian Hecker Thomas Pischke"
2025-Aug-06,trade,buy,Buy trade,IE00B3WJKG14,iShares V plc - iShares S&P 500 Information Technology Sector UCITS ETF USD (Acc),8,264.68,€306.05,"Trade Buy trade IE00B3WJKG14 iShares V plc - iShares S&P 500 Information Technology Sector UCITS ETF USD (Acc), quantity: 8 €264.68 €306.05"
2025-Aug-07,trade,buy,Buy trade,DE0007030009,RHEINMETALL AG,0.150829,251.00,€55.05,"Trade Buy trade DE0007030009 RHEINMETALL AG, quantity: 0.150829 €251.00 €55.05"
2025-Aug-08,trade,buy,Buy trade,KYG393871085,"GLOBALFOUNDR. INC. DL-,02",1,29.19,€25.86,"Trade Buy trade KYG393871085 GLOBALFOUNDR. INC. DL-,02, quantity: 1 €29.19 €25.86"
2025-Aug-08,trade,buy,Buy trade,KYG393871085,"GLOBALFOUNDR. INC. DL-,02",0.915572,25.81,€0.05,"Trade Buy trade KYG393871085 GLOBALFOUNDR. INC. DL-,02, quantity: 0.915572 €25.81 €0.05"
2025-Aug-08,trade,sell,Sell trade,KYG393871085,"GLOBALFOUNDR. INC. DL-,02",0.915572,25.19,€25.24,"Trade Sell trade KYG393871085 GLOBALFOUNDR. INC. DL-,02, quantity: 0.915572 €25.19 €25.24"
2025-Aug-08,trade,sell,Sell trade,KYG393871085,"GLOBALFOUNDR. INC. DL-,02",1,26.51,€51.75,"Trade Sell trade KYG393871085 GLOBALFOUNDR. INC. DL-,02, quantity: 1 €26.51 €51.75"
2025-Aug-08,trade,buy,Buy trade,US0079031078,"ADVANCED MIC.DEV. DL-,01",0.339075,51.00,€0.75,"Trade Buy trade US0079031078 ADVANCED MIC.DEV. DL-,01, quantity: 0.339075 €51.00 €0.75"
2025-Aug-11,trade,sell,Sell trade,XF000SOL0012,Solana,2,309.10,€309.85,"Trade Sell trade XF000SOL0012 Solana, quantity: 2 €309.10 €309.85"
2025-Aug-11,trade,sell,Sell trade,US0079031078,"ADVANCED MIC.DEV. DL-,01",2,290.32,€600.17,"Trade Sell trade US0079031078 ADVANCED MIC.DEV. DL-,01, quantity: 2 €290.32 €600.17"
2025-Aug-11,trade,sell,Sell trade,US0079031078,"ADVANCED MIC.DEV. DL-,01",0.339075,49.39,€649.56,"Trade Sell trade US0079031078 ADVANCED MIC.DEV. DL-,01, quantity: 0.339075 €49.39 €649.56"
2025-Aug-11,trade,buy,Buy trade,DE0007030009,RHEINMETALL AG,0.351917,547.00,€102.56,"Trade Buy trade DE0007030009 RHEINMETALL AG, quantity: 0.351917 €547.00 €102.56"
2025-Aug-11,trade,buy,Buy trade,IE00B3WJKG14,iShares V plc - iShares S&P 500 Information Technology Sector UCITS ETF USD (Acc),3,101.37,€1.19,"Trade Buy trade IE00B3WJKG14 iShares V plc - iShares S&P 500 Information Technology Sector UCITS ETF USD (Acc), quantity: 3 €101.37 €1.19"
2025-Aug-25,trade,sell,Sell trade,IE00B3WJKG14,iShares V plc - iShares S&P 500 Information Technology Sector UCITS ETF USD (Acc),21,692.00,€693.19,"Trade Sell trade IE00B3WJKG14 iShares V plc - iShares S&P 500 Information Technology Sector UCITS ETF USD (Acc), quantity: 21 €692.00 €693.19"
2025-Aug-29,trade,sell,Sell trade,DE0007030009,RHEINMETALL AG,0.002746,4.65,€697.84,"Trade Sell trade DE0007030009 RHEINMETALL AG, quantity: 0.002746 €4.65 €697.84 TRADE REPUBLIC BANK GMBH BRUNNENSTRASSE 19-21 10119 BERLIN Trade Republic Bank GmbH Brunnenstraße 19-21 10119 Berlin www.traderepublic.com Headquarters: Berlin AG Charlottenburg HRB 244347 B VAT-ID DE307510626 Directors Andreas Torner Gernot Mittendorfer Christian Hecker Thomas Pischke"
2025-Aug-29,trade,sell,Sell trade,DE0007030009,RHEINMETALL AG,1,1692.00,€2389.84,"Trade Sell trade DE0007030009 RHEINMETALL AG, quantity: 1 €1,692.00 €2,389.84"
2025-Aug-29,trade,buy,Buy trade,IE000YU9K6K2,VanEck UCITS ETFs plc - VanEck Space Innovators UCITS ETF,12,553.00,€1836.84,"Trade Buy trade IE000YU9K6K2 VanEck UCITS ETFs plc - VanEck Space Innovators UCITS ETF, quantity: 12 €553.00 €1,836.84"
2025-Aug-29,trade,buy,Buy trade,IE00BFMXXD54,Vanguard Funds PLC - Vanguard S&P 500 UCITS ETF (USD) Accumulating,5,529.75,€1307.09,"Trade Buy trade IE00BFMXXD54 Vanguard Funds PLC - Vanguard S&P 500 UCITS ETF (USD) Accumulating, quantity: 5 €529.75 €1,307.09"
2025-Sep-01,interest,,Interest,,,,0.81,€1307.90,Interest payment
2025-Sep-09,trade,buy,Buy trade,IE00BQQP9F84,VanEck UCITS ETFs plc - VanEck Gold Miners UCITS ETF,3,196.27,€1111.63,"Trade Buy trade IE00BQQP9F84 VanEck UCITS ETFs plc - VanEck Gold Miners UCITS ETF, quantity: 3 €196.27 €1,111.63"
2025-Sep-22,trade,buy,Buy trade,FR0000120628,"AXA S.A. INH. EO 2,29",9,361.17,€750.46,"Trade Buy trade FR0000120628 AXA S.A. INH. EO 2,29, quantity: 9 €361.17 €750.46"
2025-Sep-22,trade,buy,Buy trade,PTIBS0AM0008,IBERSOL SGPS SA NAM. EO 1,15,155.50,€594.96,"Trade Buy trade PTIBS0AM0008 IBERSOL SGPS SA NAM. EO 1, quantity: 15 €155.50 €594.96"
2025-Sep-22,trade,buy,Buy trade,US1729674242,"CITIGROUP INC. DL -,01",1,88.17,€506.79,"Trade Buy trade US1729674242 CITIGROUP INC. DL -,01, quantity: 1 €88.17 €506.79"
2025-Sep-22,trade,buy,Buy trade,US02209S1033,ALTRIA GROUP INC.,3,166.27,€340.52,"Trade Buy trade US02209S1033 ALTRIA GROUP INC., quantity: 3 €166.27 €340.52"
2025-Sep-22,trade,buy,Buy trade,US68389X1054,"ORACLE CORP. DL-,01",0.5,133.08,€207.44,"Trade Buy trade US68389X1054 ORACLE CORP. DL-,01, quantity: 0.5 €133.08 €207.44"
2025-Sep-22,trade,buy,Buy trade,PTBCP0AM0015,BCO COM. PORT.NOM. O.N.,200,146.80,€60.64,"Trade Buy trade PTBCP0AM0015 BCO COM. PORT.NOM. O.N., quantity: 200 €146.80 €60.64"
2025-Sep-22,trade,buy,Buy trade,XF000XRP0018,XRP,23,56.46,€4.18,"Trade Buy trade XF000XRP0018 XRP, quantity: 23 €56.46 €4.18"
2025-Sep-23,trade,buy,Buy trade,PTIBS0AM0008,IBERSOL SGPS SA NAM. EO 1,0.3,4.00,€0.18,"Trade Buy trade PTIBS0AM0008 IBERSOL SGPS SA NAM. EO 1, quantity: 0.3 €4.00 €0.18"
2025-Sep-25,trade,sell,Sell trade,PTIBS0AM0008,IBERSOL SGPS SA NAM. EO 1,0.3,2.96,€3.14,"Trade Sell trade PTIBS0AM0008 IBERSOL SGPS SA NAM. EO 1, quantity: 0.3 €2.96 €3.14 TRADE REPUBLIC BANK GMBH BRUNNENSTRASSE 19-21 10119 BERLIN Trade Republic Bank GmbH Brunnenstraße 19-21 10119 Berlin www.traderepublic.com Headquarters: Berlin AG Charlottenburg HRB 244347 B VAT-ID DE307510626 Directors Andreas Torner Gernot Mittendorfer Christian Hecker Thomas Pischke"
2025-Sep-25,trade,sell,Sell trade,PTIBS0AM0008,IBERSOL SGPS SA NAM. EO 1,15.0,147.20,€150.34,"Trade Sell trade PTIBS0AM0008 IBERSOL SGPS SA NAM. EO 1, quantity: 15.0 €147.20 €150.34"
2025-Sep-25,trade,buy,Buy trade,US68389X1054,"ORACLE CORP. DL-,01",0.5,129.48,€20.86,"Trade Buy trade US68389X1054 ORACLE CORP. DL-,01, quantity: 0.5 €129.48 €20.86"
2025-Sep-25,trade,buy,Buy trade,XF000XRP0018,XRP,7,17.93,€2.93,"Trade Buy trade XF000XRP0018 XRP, quantity: 7 €17.93 €2.93"
2025-Sep-29,trade,sell,Sell trade,US68389X1054,"ORACLE CORP. DL-,01",1,238.45,€241.38,"Trade Sell trade US68389X1054 ORACLE CORP. DL-,01, quantity: 1 €238.45 €241.38"
2025-Sep-29,trade,buy,Buy trade,IE00BQQP9F84,VanEck UCITS ETFs plc - VanEck Gold Miners UCITS ETF,2,146.66,€94.72,"Trade Buy trade IE00BQQP9F84 VanEck UCITS ETFs plc - VanEck Gold Miners UCITS ETF, quantity: 2 €146.66 €94.72"
2025-Sep-29,trade,buy,Buy trade,PTIBS0AM0008,IBERSOL SGPS SA NAM. EO 1,9,92.80,€1.92,"Trade Buy trade PTIBS0AM0008 IBERSOL SGPS SA NAM. EO 1, quantity: 9 €92.80 €1.92"
2025-Oct-01,interest,,Interest,,,,1.37,€3.29,Interest payment
2025-Oct-01,trade,buy,Buy trade,AU0000036949,AFRICAN GOLD LTD,9,3.23,€0.06,"Trade Buy trade AU0000036949 AFRICAN GOLD LTD, quantity: 9 €3.23 €0.06"
2025-Oct-02,earnings,,Earnings,,,,0.02,€0.08,Cash Dividend for ISIN US67066G1040
2025-Oct-21,transfer,,Transfer,,,,1000.00,€1000.08,Depósito aceite: PT50002300004571571297194 para DE49120700700123410552
2025-Oct-22,trade,buy,Buy trade,US02209S1033,ALTRIA GROUP INC.,2,111.20,€888.88,"Trade Buy trade US02209S1033 ALTRIA GROUP INC., quantity: 2 €111.20 €888.88"
2025-Oct-22,trade,buy,Buy trade,PTMEN0AE0005,MOTA-ENGIL NAM. EO 1,12,71.56,€817.32,"Trade Buy trade PTMEN0AE0005 MOTA-ENGIL NAM. EO 1, quantity: 12 €71.56 €817.32"
2025-Oct-22,trade,buy,Buy trade,ES0144580Y14,"IBERDROLA INH. EO -,75",8,136.47,€680.85,"Trade Buy trade ES0144580Y14 IBERDROLA INH. EO -,75, quantity: 8 €136.47 €680.85"
2025-Oct-22,trade,buy,Buy trade,PTSON0AM0001,"SONAE-SGPS, S.A. NA. EO 1",107,151.87,€528.98,"Trade Buy trade PTSON0AM0001 SONAE-SGPS, S.A. NA. EO 1, quantity: 107 €151.87 €528.98 TRADE REPUBLIC BANK GMBH BRUNNENSTRASSE 19-21 10119 BERLIN Trade Republic Bank GmbH Brunnenstraße 19-21 10119 Berlin www.traderepublic.com Headquarters: Berlin AG Charlottenburg HRB 244347 B VAT-ID DE307510626 Directors Andreas Torner Gernot Mittendorfer Christian Hecker Thomas Pischke"
2025-Oct-22,trade,buy,Buy trade,ES0113900J37,BANCO SANTANDER,15,127.39,€401.59,"Trade Buy trade ES0113900J37 BANCO SANTANDER, quantity: 15 €127.39 €401.59"
2025-Oct-22,trade,buy,Buy trade,US92343V1044,"VERIZON COMM. INC. DL-,10",3,103.35,€298.24,"Trade Buy trade US92343V1044 VERIZON COMM. INC. DL-,10, quantity: 3 €103.35 €298.24"
2025-Oct-22,trade,buy,Buy trade,DE0007100000,MERCEDES-BENZ GRP NA O.N.,1,53.33,€244.91,"Trade Buy trade DE0007100000 MERCEDES-BENZ GRP NA O.N., quantity: 1 €53.33 €244.91"
2025-Oct-22,trade,buy,Buy trade,US3453708600,FORD MOTOR,14,151.78,€93.13,"Trade Buy trade US3453708600 FORD MOTOR, quantity: 14 €151.78 €93.13"
2025-Oct-22,trade,buy,Buy trade,XF000XRP0018,XRP,24,50.92,€42.21,"Trade Buy trade XF000XRP0018 XRP, quantity: 24 €50.92 €42.21"
2025-Oct-22,trade,sell,Sell trade,AU0000036949,AFRICAN GOLD LTD,9,0.44,€42.65,"Trade Sell trade AU0000036949 AFRICAN GOLD LTD, quantity: 9 €0.44 €42.65"
2025-Oct-22,trade,buy,Buy trade,LU0994505336,Xtrackers - Xtrackers Spain UCITS ETF 1D,1,37.07,€5.58,"Trade Buy trade LU0994505336 Xtrackers - Xtrackers Spain UCITS ETF 1D, quantity: 1 €37.07 €5.58"
2025-Oct-27,trade,buy,Buy trade,PTPTI0AM0006,NAVIGATOR COMPANY SA O.N.,1,4.01,€1.57,"Trade Buy trade PTPTI0AM0006 NAVIGATOR COMPANY SA O.N., quantity: 1 €4.01 €1.57"
2025-Nov-01,interest,,Interest,,,,0.06,€1.63,Interest payment
2025-Nov-03,earnings,,Earnings,,,,1.40,€3.03,Cash Dividend for ISIN ES0113900J37
2025-Nov-04,transfer,,Transfer,,,,10.00,€13.03,Depósito aceite: PT50002300004571571297194 para DE49120700700123410552
2025-Nov-06,gift,,Gift,,,,11.00,€2.03,The gift you sent was accepted
2025-Nov-19,trade,buy,Buy trade,GB00BP41S218,"SAVANNAH ENERGY LS 0,001",1,1.07,€0.96,"Trade Buy trade GB00BP41S218 SAVANNAH ENERGY LS 0,001, quantity: 1 €1.07 €0.96"
2025-Nov-27,earnings,,Earnings,,,,0.44,€1.40,Cash Dividend for ISIN US1729674242
2025-Dec-02,earnings,,Earnings,,,,1.54,€2.94,Cash Dividend for ISIN US3453708600
2025-Dec-02,trade,buy,Buy trade,AU000000DRO2,DRONESHIELD LTD,1,2.09,€0.85,"Trade Buy trade AU000000DRO2 DRONESHIELD LTD, quantity: 1 €2.09 €0.85"
2025-Dec-08,trade,sell,Sell trade,PTBCP0AM0015,BCO COM. PORT.NOM. O.N.,200,167.48,€168.33,"Trade Sell trade PTBCP0AM0015 BCO COM. PORT.NOM. O.N., quantity: 200 €167.48 €168.33"
2025-Dec-08,trade,sell,Sell trade,ES0144580Y14,"IBERDROLA INH. EO -,75",8,142.36,€310.69,"Trade Sell trade ES0144580Y14 IBERDROLA INH. EO -,75, quantity: 8 €142.36 €310.69"
2025-Dec-08,trade,buy,Buy trade,LU0994505336,Xtrackers - Xtrackers Spain UCITS ETF 1D,8,309.72,€0.97,"Trade Buy trade LU0994505336 Xtrackers - Xtrackers Spain UCITS ETF 1D, quantity: 8 €309.72 €0.97"
2025-Dec-15,trade,sell,Sell trade,XF000XRP0018,XRP,54,84.90,€85.87,"Trade Sell trade XF000XRP0018 XRP, quantity: 54 €84.90 €85.87"
2025-Dec-15,trade,buy,Buy trade,AU000000DRO2,DRONESHIELD LTD,60,75.64,€10.23,"Trade Buy trade AU000000DRO2 DRONESHIELD LTD, quantity: 60 €75.64 €10.23"
2025-Dec-15,trade,buy,Buy trade,AU000000DRO2,DRONESHIELD LTD,6,8.46,€1.77,"Trade Buy trade AU000000DRO2 DRONESHIELD LTD, quantity: 6 €8.46 €1.77"
2025-Dec-16,trade,sell,Sell trade,US02209S1033,ALTRIA GROUP INC.,5,251.00,€252.77,"Trade Sell trade US02209S1033 ALTRIA GROUP INC., quantity: 5 €251.00 €252.77"
2025-Dec-16,trade,sell,Sell trade,AU000000DRO2,DRONESHIELD LTD,67,105.80,€358.57,"Trade Sell trade AU000000DRO2 DRONESHIELD LTD, quantity: 67 €105.80 €358.57"
2025-Dec-16,trade,sell,Sell trade,PTMEN0AE0005,MOTA-ENGIL NAM. EO 1,12,56.41,€414.98,"Trade Sell trade PTMEN0AE0005 MOTA-ENGIL NAM. EO 1, quantity: 12 €56.41 €414.98"
2025-Dec-16,trade,buy,Buy trade,IE00BFMXXD54,Vanguard Funds PLC - Vanguard S&P 500 UCITS ETF (USD) Accumulating,3,334.48,€80.50,"Trade Buy trade IE00BFMXXD54 Vanguard Funds PLC - Vanguard S&P 500 UCITS ETF (USD) Accumulating, quantity: 3 €334.48 €80.50"
2025-Dec-16,trade,buy,Buy trade,DE0007100000,MERCEDES-BENZ GRP NA O.N.,1,62.55,€17.95,"Trade Buy trade DE0007100000 MERCEDES-BENZ GRP NA O.N., quantity: 1 €62.55 €17.95"
2025-Dec-16,trade,buy,Buy trade,GB00BP41S218,"SAVANNAH ENERGY LS 0,001",196,17.66,€0.29,"Trade Buy trade GB00BP41S218 SAVANNAH ENERGY LS 0,001, quantity: 196 €17.66 €0.29 TRADE REPUBLIC BANK GMBH BRUNNENSTRASSE 19-21 10119 BERLIN Trade Republic Bank GmbH Brunnenstraße 19-21 10119 Berlin www.traderepublic.com Headquarters: Berlin AG Charlottenburg HRB 244347 B VAT-ID DE307510626 Directors Andreas Torner Gernot Mittendorfer Christian Hecker Thomas Pischke"
2025-Dec-16,trade,sell,Sell trade,FR0000120628,"AXA S.A. INH. EO 2,29",9,365.48,€365.77,"Trade Sell trade FR0000120628 AXA S.A. INH. EO 2,29, quantity: 9 €365.48 €365.77"
2025-Dec-16,trade,sell,Sell trade,PTIBS0AM0008,IBERSOL SGPS SA NAM. EO 1,9,87.02,€452.79,"Trade Sell trade PTIBS0AM0008 IBERSOL SGPS SA NAM. EO 1, quantity: 9 €87.02 €452.79"
2025-Dec-17,trade,buy,Buy trade,PTSON0AM0001,"SONAE-SGPS, S.A. NA. EO 1",150,242.50,€210.29,"Trade Buy trade PTSON0AM0001 SONAE-SGPS, S.A. NA. EO 1, quantity: 150 €242.50 €210.29"
2025-Dec-17,trade,buy,Buy trade,IE00BQQP9F84,VanEck UCITS ETFs plc - VanEck Gold Miners UCITS ETF,2,165.64,€44.65,"Trade Buy trade IE00BQQP9F84 VanEck UCITS ETFs plc - VanEck Gold Miners UCITS ETF, quantity: 2 €165.64 €44.65"
2025-Dec-17,trade,buy,Buy trade,ES0113900J37,BANCO SANTANDER,4,40.75,€3.90,"Trade Buy trade ES0113900J37 BANCO SANTANDER, quantity: 4 €40.75 €3.90"
2025-Dec-17,trade,sell,Sell trade,US92343V1044,"VERIZON COMM. INC. DL-,10",3,102.98,€106.88,"Trade Sell trade US92343V1044 VERIZON COMM. INC. DL-,10, quantity: 3 €102.98 €106.88"
2025-Dec-17,trade,sell,Sell trade,DE0007100000,MERCEDES-BENZ GRP NA O.N.,2,119.32,€226.20,"Trade Sell trade DE0007100000 MERCEDES-BENZ GRP NA O.N., quantity: 2 €119.32 €226.20"
2025-Dec-17,trade,buy,Buy trade,IE00BFMXXD54,Vanguard Funds PLC - Vanguard S&P 500 UCITS ETF (USD) Accumulating,2,224.42,€1.78,"Trade Buy trade IE00BFMXXD54 Vanguard Funds PLC - Vanguard S&P 500 UCITS ETF (USD) Accumulating, quantity: 2 €224.42 €1.78"
2025-Dec-17,trade,sell,Sell trade,US67066G1040,"NVIDIA CORP. DL-,001",2,302.84,€304.62,"Trade Sell trade US67066G1040 NVIDIA CORP. DL-,001, quantity: 2 €302.84 €304.62"
2025-Dec-17,trade,buy,Buy trade,IE000YU9K6K2,VanEck UCITS ETFs plc - VanEck Space Innovators UCITS ETF,3,162.94,€141.68,"Trade Buy trade IE000YU9K6K2 VanEck UCITS ETFs plc - VanEck Space Innovators UCITS ETF, quantity: 3 €162.94 €141.68"
2025-Dec-17,trade,buy,Buy trade,IE00BQQP9F84,VanEck UCITS ETFs plc - VanEck Gold Miners UCITS ETF,1,83.42,€58.26,"Trade Buy trade IE00BQQP9F84 VanEck UCITS ETFs plc - VanEck Gold Miners UCITS ETF, quantity: 1 €83.42 €58.26"
2025-Dec-17,trade,buy,Buy trade,US3453708600,FORD MOTOR,4,47.74,€10.52,"Trade Buy trade US3453708600 FORD MOTOR, quantity: 4 €47.74 €10.52"
2025-Dec-17,trade,buy,Buy trade,PTSON0AM0001,"SONAE-SGPS, S.A. NA. EO 1",5,9.00,€1.52,"Trade Buy trade PTSON0AM0001 SONAE-SGPS, S.A. NA. EO 1, quantity: 5 €9.00 €1.52"
2025-Dec-18,trade,buy,Buy trade,GB00BP41S218,"SAVANNAH ENERGY LS 0,001",6,1.50,€0.02,"Trade Buy trade GB00BP41S218 SAVANNAH ENERGY LS 0,001, quantity: 6 €1.50 €0.02 TRADE REPUBLIC BANK GMBH BRUNNENSTRASSE 19-21 10119 BERLIN Trade Republic Bank GmbH Brunnenstraße 19-21 10119 Berlin www.traderepublic.com Headquarters: Berlin AG Charlottenburg HRB 244347 B VAT-ID DE307510626 Directors Andreas Torner Gernot Mittendorfer Christian Hecker Thomas Pischke"
2025-Dec-18,trade,sell,Sell trade,PTPTI0AM0006,NAVIGATOR COMPANY SA O.N.,1,2.00,€2.02,"Trade Sell trade PTPTI0AM0006 NAVIGATOR COMPANY SA O.N., quantity: 1 €2.00 €2.02"
2025-Dec-18,trade,buy,Buy trade,GB00BP41S218,"SAVANNAH ENERGY LS 0,001",12,2.01,€0.01,"Trade Buy trade GB00BP41S218 SAVANNAH ENERGY LS 0,001, quantity: 12 €2.01 €0.01"
2025-Dec-22,trade,sell,Sell trade,US1729674242,"CITIGROUP INC. DL -,01",1,97.11,€97.12,"Trade Sell trade US1729674242 CITIGROUP INC. DL -,01, quantity: 1 €97.11 €97.12"
2025-Dec-22,trade,sell,Sell trade,ES0113900J37,BANCO SANTANDER,19,188.34,€285.46,"Trade Sell trade ES0113900J37 BANCO SANTANDER, quantity: 19 €188.34 €285.46"
2025-Dec-22,trade,sell,Sell trade,US3453708600,FORD MOTOR,18,205.68,€491.14,"Trade Sell trade US3453708600 FORD MOTOR, quantity: 18 €205.68 €491.14"
2025-Dec-22,trade,sell,Sell trade,PTSON0AM0001,"SONAE-SGPS, S.A. NA. EO 1",262,419.25,€910.39,"Trade Sell trade PTSON0AM0001 SONAE-SGPS, S.A. NA. EO 1, quantity: 262 €419.25 €910.39"
2025-Dec-22,trade,buy,Buy trade,JE00B1VS3333,WITR MET.SEC.Z07/UN.XAG,7,376.83,€533.56,"Trade Buy trade JE00B1VS3333 WITR MET.SEC.Z07/UN.XAG, quantity: 7 €376.83 €533.56"
2025-Dec-24,earnings,,Earnings,,,,0.02,€533.58,Cash Dividend for ISIN US67066G1040
2026-Jan-01,interest,,Interest,,,,0.32,€533.90,Interest payment
2026-Jan-03,trade,buy,Buy trade,GB00BP41S218,"SAVANNAH ENERGY LS 0,001",2000,183.00,€350.90,"Trade Buy trade GB00BP41S218 SAVANNAH ENERGY LS 0,001, quantity: 2000 €183.00 €350.90"
2026-Jan-03,trade,buy,Buy trade,JE00B1VS3333,WITR MET.SEC.Z07/UN.XAG,5,280.00,€70.90,"Trade Buy trade JE00B1VS3333 WITR MET.SEC.Z07/UN.XAG, quantity: 5 €280.00 €70.90"
2026-Jan-03,trade,buy,Buy trade,LU0994505336,Xtrackers - Xtrackers Spain UCITS ETF 1D,1,41.52,€29.38,"Trade Buy trade LU0994505336 Xtrackers - Xtrackers Spain UCITS ETF 1D, quantity: 1 €41.52 €29.38"
2026-Jan-03,trade,buy,Buy trade,GB00BP41S218,"SAVANNAH ENERGY LS 0,001",300,28.30,€1.08,"Trade Buy trade GB00BP41S218 SAVANNAH ENERGY LS 0,001, quantity: 300 €28.30 €1.08"
2026-Jan-03,trade,sell,Sell trade,JE00B1VS3333,WITR MET.SEC.Z07/UN.XAG,12,668.00,€669.08,"Trade Sell trade JE00B1VS3333 WITR MET.SEC.Z07/UN.XAG, quantity: 12 €668.00 €669.08 TRADE REPUBLIC BANK GMBH BRUNNENSTRASSE 19-21 10119 BERLIN Trade Republic Bank GmbH Brunnenstraße 19-21 10119 Berlin www.traderepublic.com Headquarters: Berlin AG Charlottenburg HRB 244347 B VAT-ID DE307510626 Directors Andreas Torner Gernot Mittendorfer Christian Hecker Thomas Pischke"
2026-Jan-06,trade,buy,Buy trade,IE0002PG6CA6,VanEck UCITS ETFs plc - VanEck Rare Earth and Strategic Metals UCITS ETF,47,658.15,€10.93,"Trade Buy trade IE0002PG6CA6 VanEck UCITS ETFs plc - VanEck Rare Earth and Strategic Metals UCITS ETF, quantity: 47 €658.15 €10.93"
2026-Jan-09,trade,buy,Buy trade,GB00B647W791,"SAVANNAH RES PLC LS -,01",155,10.27,€0.66,"Trade Buy trade GB00B647W791 SAVANNAH RES PLC LS -,01, quantity: 155 €10.27 €0.66"
2026-Jan-23,trade,buy,Buy trade,JE00B1VS3333,WITR MET.SEC.Z07/UN.XAG,10,770.05,-€769.39,"Trade Buy trade JE00B1VS3333 WITR MET.SEC.Z07/UN.XAG, quantity: 10 €770.05 -€769.39"
2026-Jan-23,trade,sell,Sell trade,IE000YU9K6K2,VanEck UCITS ETFs plc - VanEck Space Innovators UCITS ETF,5,362.25,-€407.14,"Trade Sell trade IE000YU9K6K2 VanEck UCITS ETFs plc - VanEck Space Innovators UCITS ETF, quantity: 5 €362.25 -€407.14"
2026-Jan-23,trade,sell,Sell trade,LU0994505336,Xtrackers - Xtrackers Spain UCITS ETF 1D,10,408.30,€1.16,"Trade Sell trade LU0994505336 Xtrackers - Xtrackers Spain UCITS ETF 1D, quantity: 10 €408.30 €1.16"
2026-Jan-27,trade,sell,Sell trade,GB00BP41S218,"SAVANNAH ENERGY LS 0,001",2515,181.34,€182.50,"Trade Sell trade GB00BP41S218 SAVANNAH ENERGY LS 0,001, quantity: 2515 €181.34 €182.50"
2026-Jan-27,trade,sell,Sell trade,GB00B647W791,"SAVANNAH RES PLC LS -,01",155,7.96,€190.46,"Trade Sell trade GB00B647W791 SAVANNAH RES PLC LS -,01, quantity: 155 €7.96 €190.46"
2026-Jan-27,trade,buy,Buy trade,AU000000DRO2,DRONESHIELD LTD,78,188.98,€1.48,"Trade Buy trade AU000000DRO2 DRONESHIELD LTD, quantity: 78 €188.98 €1.48"
2026-Jan-27,trade,sell,Sell trade,AU000000DRO2,DRONESHIELD LTD,78,183.47,€184.95,"Trade Sell trade AU000000DRO2 DRONESHIELD LTD, quantity: 78 €183.47 €184.95"
2026-Jan-27,trade,buy,Buy trade,IE0002PG6CA6,VanEck UCITS ETFs plc - VanEck Rare Earth and Strategic Metals UCITS ETF,5,79.67,€105.28,"Trade Buy trade IE0002PG6CA6 VanEck UCITS ETFs plc - VanEck Rare Earth and Strategic Metals UCITS ETF, quantity: 5 €79.67 €105.28"
2026-Jan-29,trade,sell,Sell trade,IE00BQQP9F84,VanEck UCITS ETFs plc - VanEck Gold Miners UCITS ETF,2,214.36,€319.64,"Trade Sell trade IE00BQQP9F84 VanEck UCITS ETFs plc - VanEck Gold Miners UCITS ETF, quantity: 2 €214.36 €319.64"
2026-Jan-29,trade,sell,Sell trade,IE000YU9K6K2,VanEck UCITS ETFs plc - VanEck Space Innovators UCITS ETF,3,222.59,€542.23,"Trade Sell trade IE000YU9K6K2 VanEck UCITS ETFs plc - VanEck Space Innovators UCITS ETF, quantity: 3 €222.59 €542.23"
2026-Jan-29,trade,sell,Sell trade,JE00B1VS3333,WITR MET.SEC.Z07/UN.XAG,1,88.27,€630.50,"Trade Sell trade JE00B1VS3333 WITR MET.SEC.Z07/UN.XAG, quantity: 1 €88.27 €630.50"
2026-Jan-29,trade,sell,Sell trade,IE0002PG6CA6,VanEck UCITS ETFs plc - VanEck Rare Earth and Strategic Metals UCITS ETF,4,61.40,€691.90,"Trade Sell trade IE0002PG6CA6 VanEck UCITS ETFs plc - VanEck Rare Earth and Strategic Metals UCITS ETF, quantity: 4 €61.40 €691.90 TRADE REPUBLIC BANK GMBH BRUNNENSTRASSE 19-21 10119 BERLIN Trade Republic Bank GmbH Brunnenstraße 19-21 10119 Berlin www.traderepublic.com Headquarters: Berlin AG Charlottenburg HRB 244347 B VAT-ID DE307510626 Directors Andreas Torner Gernot Mittendorfer Christian Hecker Thomas Pischke"
2026-Jan-29,trade,sell,Sell trade,IE0002PG6CA6,VanEck UCITS ETFs plc - VanEck Rare Earth and Strategic Metals UCITS ETF,10,153.10,€845.00,"Trade Sell trade IE0002PG6CA6 VanEck UCITS ETFs plc - VanEck Rare Earth and Strategic Metals UCITS ETF, quantity: 10 €153.10 €845.00"
2026-Jan-29,trade,sell,Sell trade,IE00BFMXXD54,Vanguard Funds PLC - Vanguard S&P 500 UCITS ETF (USD) Accumulating,2,222.53,€1067.53,"Trade Sell trade IE00BFMXXD54 Vanguard Funds PLC - Vanguard S&P 500 UCITS ETF (USD) Accumulating, quantity: 2 €222.53 €1,067.53"
2026-Jan-29,trade,sell,Sell trade,IE00BFMXXD54,Vanguard Funds PLC - Vanguard S&P 500 UCITS ETF (USD) Accumulating,3,334.07,€1401.60,"Trade Sell trade IE00BFMXXD54 Vanguard Funds PLC - Vanguard S&P 500 UCITS ETF (USD) Accumulating, quantity: 3 €334.07 €1,401.60"
2026-Jan-29,trade,buy,Buy trade,IE0002PG6CA6,VanEck UCITS ETFs plc - VanEck Rare Earth and Strategic Metals UCITS ETF,20,304.76,€1096.84,"Trade Buy trade IE0002PG6CA6 VanEck UCITS ETFs plc - VanEck Rare Earth and Strategic Metals UCITS ETF, quantity: 20 €304.76 €1,096.84"
2026-Jan-29,trade,sell,Sell trade,IE0002PG6CA6,VanEck UCITS ETFs plc - VanEck Rare Earth and Strategic Metals UCITS ETF,40,601.08,€1697.92,"Trade Sell trade IE0002PG6CA6 VanEck UCITS ETFs plc - VanEck Rare Earth and Strategic Metals UCITS ETF, quantity: 40 €601.08 €1,697.92"
2026-Jan-29,trade,buy,Buy trade,IE0002PG6CA6,VanEck UCITS ETFs plc - VanEck Rare Earth and Strategic Metals UCITS ETF,18,270.78,€1427.14,"Trade Buy trade IE0002PG6CA6 VanEck UCITS ETFs plc - VanEck Rare Earth and Strategic Metals UCITS ETF, quantity: 18 €270.78 €1,427.14"
2026-Jan-29,trade,buy,Buy trade,IE0002PG6CA6,VanEck UCITS ETFs plc - VanEck Rare Earth and Strategic Metals UCITS ETF,10,156.02,€1271.12,"Trade Buy trade IE0002PG6CA6 VanEck UCITS ETFs plc - VanEck Rare Earth and Strategic Metals UCITS ETF, quantity: 10 €156.02 €1,271.12"
2026-Jan-30,trade,buy,Buy trade,JE00B1VS3333,WITR MET.SEC.Z07/UN.XAG,1,83.00,€1188.12,"Trade Buy trade JE00B1VS3333 WITR MET.SEC.Z07/UN.XAG, quantity: 1 €83.00 €1,188.12"
2026-Jan-30,trade,buy,Buy trade,IE00BQQP9F84,VanEck UCITS ETFs plc - VanEck Gold Miners UCITS ETF,2,194.22,€993.90,"Trade Buy trade IE00BQQP9F84 VanEck UCITS ETFs plc - VanEck Gold Miners UCITS ETF, quantity: 2 €194.22 €993.90"
2026-Jan-30,trade,buy,Buy trade,IE0002PG6CA6,VanEck UCITS ETFs plc - VanEck Rare Earth and Strategic Metals UCITS ETF,7,99.60,€894.30,"Trade Buy trade IE0002PG6CA6 VanEck UCITS ETFs plc - VanEck Rare Earth and Strategic Metals UCITS ETF, quantity: 7 €99.60 €894.30"
2026-Jan-30,trade,buy,Buy trade,JE00B1VS3333,WITR MET.SEC.Z07/UN.XAG,3,213.12,€681.18,"Trade Buy trade JE00B1VS3333 WITR MET.SEC.Z07/UN.XAG, quantity: 3 €213.12 €681.18"
2026-Feb-01,interest,,Interest,,,,0.33,€681.51,Interest payment
2026-Feb-01,trade,buy,Buy trade,XF000SOL0012,Solana,1,90.45,€591.06,"Trade Buy trade XF000SOL0012 Solana, quantity: 1 €90.45 €591.06"
2026-Feb-03,trade,sell,Sell trade,IE00BQQP9F84,VanEck UCITS ETFs plc - VanEck Gold Miners UCITS ETF,3,267.38,€858.44,"Trade Sell trade IE00BQQP9F84 VanEck UCITS ETFs plc - VanEck Gold Miners UCITS ETF, quantity: 3 €267.38 €858.44 TRADE REPUBLIC BANK GMBH BRUNNENSTRASSE 19-21 10119 BERLIN Trade Republic Bank GmbH Brunnenstraße 19-21 10119 Berlin www.traderepublic.com Headquarters: Berlin AG Charlottenburg HRB 244347 B VAT-ID DE307510626 Directors Andreas Torner Gernot Mittendorfer Christian Hecker Thomas Pischke"
2026-Feb-03,trade,buy,Buy trade,IE00BM67HL84,Xtrackers (IE) Plc - Xtrackers MSCI World Financials UCITS ETF 1C,5,189.28,€669.16,"Trade Buy trade IE00BM67HL84 Xtrackers (IE) Plc - Xtrackers MSCI World Financials UCITS ETF 1C, quantity: 5 €189.28 €669.16"
2026-Feb-03,trade,sell,Sell trade,JE00B1VS3333,WITR MET.SEC.Z07/UN.XAG,3,181.73,€850.89,"Trade Sell trade JE00B1VS3333 WITR MET.SEC.Z07/UN.XAG, quantity: 3 €181.73 €850.89"
2026-Feb-03,trade,buy,Buy trade,IE00BFMXXD54,Vanguard Funds PLC - Vanguard S&P 500 UCITS ETF (USD) Accumulating,3,343.33,€507.56,"Trade Buy trade IE00BFMXXD54 Vanguard Funds PLC - Vanguard S&P 500 UCITS ETF (USD) Accumulating, quantity: 3 €343.33 €507.56"
2026-Feb-03,trade,buy,Buy trade,IE000YU9K6K2,VanEck UCITS ETFs plc - VanEck Space Innovators UCITS ETF,2,141.18,€366.38,"Trade Buy trade IE000YU9K6K2 VanEck UCITS ETFs plc - VanEck Space Innovators UCITS ETF, quantity: 2 €141.18 €366.38"
2026-Feb-05,trade,sell,Sell trade,IE00BQQP9F84,VanEck UCITS ETFs plc - VanEck Gold Miners UCITS ETF,5,456.65,€823.03,"Trade Sell trade IE00BQQP9F84 VanEck UCITS ETFs plc - VanEck Gold Miners UCITS ETF, quantity: 5 €456.65 €823.03"
2026-Feb-05,trade,sell,Sell trade,IE00BFMXXD54,Vanguard Funds PLC - Vanguard S&P 500 UCITS ETF (USD) Accumulating,3,331.03,€1154.06,"Trade Sell trade IE00BFMXXD54 Vanguard Funds PLC - Vanguard S&P 500 UCITS ETF (USD) Accumulating, quantity: 3 €331.03 €1,154.06"
2026-Feb-05,trade,sell,Sell trade,IE000YU9K6K2,VanEck UCITS ETFs plc - VanEck Space Innovators UCITS ETF,2,128.60,€1282.66,"Trade Sell trade IE000YU9K6K2 VanEck UCITS ETFs plc - VanEck Space Innovators UCITS ETF, quantity: 2 €128.60 €1,282.66"
2026-Feb-05,trade,sell,Sell trade,IE0002PG6CA6,VanEck UCITS ETFs plc - VanEck Rare Earth and Strategic Metals UCITS ETF,15,205.01,€1487.67,"Trade Sell trade IE0002PG6CA6 VanEck UCITS ETFs plc - VanEck Rare Earth and Strategic Metals UCITS ETF, quantity: 15 €205.01 €1,487.67"
2026-Feb-06,trade,buy,Buy trade,JE00B1VS3333,WITR MET.SEC.Z07/UN.XAG,3,178.86,€1308.81,"Trade Buy trade JE00B1VS3333 WITR MET.SEC.Z07/UN.XAG, quantity: 3 €178.86 €1,308.81"
2026-Feb-06,trade,buy,Buy trade,IE00BM67HM91,Xtrackers (IE) Plc - Xtrackers MSCI World Energy UCITS ETF 1C,6,324.46,€984.35,"Trade Buy trade IE00BM67HM91 Xtrackers (IE) Plc - Xtrackers MSCI World Energy UCITS ETF 1C, quantity: 6 €324.46 €984.35"
2026-Feb-11,trade,buy,Buy trade,NL0011683594,VanEck ETFs N.V. - VanEck Morningstar Developed Markets Dividend Leaders UCITS ETF,10,517.60,€466.75,"Trade Buy trade NL0011683594 VanEck ETFs N.V. - VanEck Morningstar Developed Markets Dividend Leaders UCITS ETF, quantity: 10 €517.60 €466.75"
2026-Feb-11,trade,buy,Buy trade,IE00BFMXXD54,Vanguard Funds PLC - Vanguard S&P 500 UCITS ETF (USD) Accumulating,4,449.82,€16.93,"Trade Buy trade IE00BFMXXD54 Vanguard Funds PLC - Vanguard S&P 500 UCITS ETF (USD) Accumulating, quantity: 4 €449.82 €16.93"
2026-Feb-12,trade,buy,Buy trade,XF000XRP0018,XRP,13,16.22,€0.71,"Trade Buy trade XF000XRP0018 XRP, quantity: 13 €16.22 €0.71"
2026-Feb-12,trade,sell,Sell trade,IE0002PG6CA6,VanEck UCITS ETFs plc - VanEck Rare Earth and Strategic Metals UCITS ETF,38,575.92,€576.63,"Trade Sell trade IE0002PG6CA6 VanEck UCITS ETFs plc - VanEck Rare Earth and Strategic Metals UCITS ETF, quantity: 38 €575.92 €576.63 TRADE REPUBLIC BANK GMBH BRUNNENSTRASSE 19-21 10119 BERLIN Trade Republic Bank GmbH Brunnenstraße 19-21 10119 Berlin www.traderepublic.com Headquarters: Berlin AG Charlottenburg HRB 244347 B VAT-ID DE307510626 Directors Andreas Torner Gernot Mittendorfer Christian Hecker Thomas Pischke"
2026-Feb-12,trade,sell,Sell trade,IE000YU9K6K2,VanEck UCITS ETFs plc - VanEck Space Innovators UCITS ETF,7,446.37,€1023.00,"Trade Sell trade IE000YU9K6K2 VanEck UCITS ETFs plc - VanEck Space Innovators UCITS ETF, quantity: 7 €446.37 €1,023.00"
2026-Feb-12,trade,buy,Buy trade,IE00BM67HM91,Xtrackers (IE) Plc - Xtrackers MSCI World Energy UCITS ETF 1C,10,548.90,€474.10,"Trade Buy trade IE00BM67HM91 Xtrackers (IE) Plc - Xtrackers MSCI World Energy UCITS ETF 1C, quantity: 10 €548.90 €474.10"
2026-Feb-12,trade,buy,Buy trade,NL0011683594,VanEck ETFs N.V. - VanEck Morningstar Developed Markets Dividend Leaders UCITS ETF,5,262.30,€211.80,"Trade Buy trade NL0011683594 VanEck ETFs N.V. - VanEck Morningstar Developed Markets Dividend Leaders UCITS ETF, quantity: 5 €262.30 €211.80"
2026-Feb-13,trade,buy,Buy trade,IE00BFMXXD54,Vanguard Funds PLC - Vanguard S&P 500 UCITS ETF (USD) Accumulating,1,111.69,€100.11,"Trade Buy trade IE00BFMXXD54 Vanguard Funds PLC - Vanguard S&P 500 UCITS ETF (USD) Accumulating, quantity: 1 €111.69 €100.11"
2026-Feb-13,trade,buy,Buy trade,NL0011683594,VanEck ETFs N.V. - VanEck Morningstar Developed Markets Dividend Leaders UCITS ETF,0.91,47.10,€53.01,"Trade Buy trade NL0011683594 VanEck ETFs N.V. - VanEck Morningstar Developed Markets Dividend Leaders UCITS ETF, quantity: 0.91 €47.10 €53.01"
2026-Feb-13,trade,buy,Buy trade,NL0011683594,VanEck ETFs N.V. - VanEck Morningstar Developed Markets Dividend Leaders UCITS ETF,1,52.76,€0.25,"Trade Buy trade NL0011683594 VanEck ETFs N.V. - VanEck Morningstar Developed Markets Dividend Leaders UCITS ETF, quantity: 1 €52.76 €0.25"
2026-Feb-17,trade,sell,Sell trade,JE00B1VS3333,WITR MET.SEC.Z07/UN.XAG,7,397.79,€398.04,"Trade Sell trade JE00B1VS3333 WITR MET.SEC.Z07/UN.XAG, quantity: 7 €397.79 €398.04"
2026-Feb-17,trade,sell,Sell trade,JE00B1VS3333,WITR MET.SEC.Z07/UN.XAG,6,340.82,€738.86,"Trade Sell trade JE00B1VS3333 WITR MET.SEC.Z07/UN.XAG, quantity: 6 €340.82 €738.86"
2026-Feb-17,trade,buy,Buy trade,IE00BFMXXD54,Vanguard Funds PLC - Vanguard S&P 500 UCITS ETF (USD) Accumulating,6,664.51,€74.35,"Trade Buy trade IE00BFMXXD54 Vanguard Funds PLC - Vanguard S&P 500 UCITS ETF (USD) Accumulating, quantity: 6 €664.51 €74.35"
2026-Feb-17,trade,buy,Buy trade,NL0011683594,VanEck ETFs N.V. - VanEck Morningstar Developed Markets Dividend Leaders UCITS ETF,1,53.09,€21.26,"Trade Buy trade NL0011683594 VanEck ETFs N.V. - VanEck Morningstar Developed Markets Dividend Leaders UCITS ETF, quantity: 1 €53.09 €21.26"
2026-Feb-19,trade,sell,Sell trade,NL0011683594,VanEck ETFs N.V. - VanEck Morningstar Developed Markets Dividend Leaders UCITS ETF,17,885.55,€906.81,"Trade Sell trade NL0011683594 VanEck ETFs N.V. - VanEck Morningstar Developed Markets Dividend Leaders UCITS ETF, quantity: 17 €885.55 €906.81"
2026-Feb-19,trade,sell,Sell trade,NL0011683594,VanEck ETFs N.V. - VanEck Morningstar Developed Markets Dividend Leaders UCITS ETF,0.91,47.46,€954.27,"Trade Sell trade NL0011683594 VanEck ETFs N.V. - VanEck Morningstar Developed Markets Dividend Leaders UCITS ETF, quantity: 0.91 €47.46 €954.27"
2026-Feb-19,trade,buy,Buy trade,IE00BM67HM91,Xtrackers (IE) Plc - Xtrackers MSCI World Energy UCITS ETF 1C,17,949.60,€4.67,"Trade Buy trade IE00BM67HM91 Xtrackers (IE) Plc - Xtrackers MSCI World Energy UCITS ETF 1C, quantity: 17 €949.60 €4.67"
2026-Feb-19,trade,sell,Sell trade,IE00BM67HL84,Xtrackers (IE) Plc - Xtrackers MSCI World Financials UCITS ETF 1C,27,1000.03,€1004.70,"Trade Sell trade IE00BM67HL84 Xtrackers (IE) Plc - Xtrackers MSCI World Financials UCITS ETF 1C, quantity: 27 €1,000.03 €1,004.70 TRADE REPUBLIC BANK GMBH BRUNNENSTRASSE 19-21 10119 BERLIN Trade Republic Bank GmbH Brunnenstraße 19-21 10119 Berlin www.traderepublic.com Headquarters: Berlin AG Charlottenburg HRB 244347 B VAT-ID DE307510626 Directors Andreas Torner Gernot Mittendorfer Christian Hecker Thomas Pischke"
2026-Feb-19,trade,buy,Buy trade,IE00BM67HM91,Xtrackers (IE) Plc - Xtrackers MSCI World Energy UCITS ETF 1C,17,957.93,€46.77,"Trade Buy trade IE00BM67HM91 Xtrackers (IE) Plc - Xtrackers MSCI World Energy UCITS ETF 1C, quantity: 17 €957.93 €46.77"
2026-Feb-20,trade,sell,Sell trade,IE00BM67HM91,Xtrackers (IE) Plc - Xtrackers MSCI World Energy UCITS ETF 1C,50,2789.00,€2835.77,"Trade Sell trade IE00BM67HM91 Xtrackers (IE) Plc - Xtrackers MSCI World Energy UCITS ETF 1C, quantity: 50 €2,789.00 €2,835.77"
2026-Feb-20,trade,sell,Sell trade,IE00BFMXXD54,Vanguard Funds PLC - Vanguard S&P 500 UCITS ETF (USD) Accumulating,31,3475.96,€6311.73,"Trade Sell trade IE00BFMXXD54 Vanguard Funds PLC - Vanguard S&P 500 UCITS ETF (USD) Accumulating, quantity: 31 €3,475.96 €6,311.73"
2026-Feb-24,trade,buy,Buy trade,IE0002PG6CA6,VanEck UCITS ETFs plc - VanEck Rare Earth and Strategic Metals UCITS ETF,415,6308.17,€3.56,"Trade Buy trade IE0002PG6CA6 VanEck UCITS ETFs plc - VanEck Rare Earth and Strategic Metals UCITS ETF, quantity: 415 €6,308.17 €3.56"
2026-Feb-24,trade,sell,Sell trade,IE0002PG6CA6,VanEck UCITS ETFs plc - VanEck Rare Earth and Strategic Metals UCITS ETF,415,6448.93,€6452.49,"Trade Sell trade IE0002PG6CA6 VanEck UCITS ETFs plc - VanEck Rare Earth and Strategic Metals UCITS ETF, quantity: 415 €6,448.93 €6,452.49"
2026-Feb-25,trade,buy,Buy trade,IE00B42NKQ00,iShares V plc - iShares S&P 500 Energy Sector UCITS ETF USD (Acc),245,2402.25,€4050.24,"Trade Buy trade IE00B42NKQ00 iShares V plc - iShares S&P 500 Energy Sector UCITS ETF USD (Acc), quantity: 245 €2,402.25 €4,050.24"
2026-Feb-25,trade,buy,Buy trade,IE0002PG6CA6,VanEck UCITS ETFs plc - VanEck Rare Earth and Strategic Metals UCITS ETF,91,1501.59,€2548.65,"Trade Buy trade IE0002PG6CA6 VanEck UCITS ETFs plc - VanEck Rare Earth and Strategic Metals UCITS ETF, quantity: 91 €1,501.59 €2,548.65"
2026-Feb-25,trade,buy,Buy trade,FR0010524777,MULTI UNITS FRANCE - Amundi MSCI New Energy UCITS ETF Dist,51,2096.08,€452.57,"Trade Buy trade FR0010524777 MULTI UNITS FRANCE - Amundi MSCI New Energy UCITS ETF Dist, quantity: 51 €2,096.08 €452.57"
2026-Mar-01,interest,,Interest,,,,2.31,€454.88,Interest payment
2026-Mar-02,trade,sell,Sell trade,IE00B42NKQ00,iShares V plc - iShares S&P 500 Energy Sector UCITS ETF USD (Acc),245,2592.08,€3046.96,"Trade Sell trade IE00B42NKQ00 iShares V plc - iShares S&P 500 Energy Sector UCITS ETF USD (Acc), quantity: 245 €2,592.08 €3,046.96"
2026-Mar-02,trade,sell,Sell trade,FR0010524777,MULTI UNITS FRANCE - Amundi MSCI New Energy UCITS ETF Dist,51,2039.00,€5085.96,"Trade Sell trade FR0010524777 MULTI UNITS FRANCE - Amundi MSCI New Energy UCITS ETF Dist, quantity: 51 €2,039.00 €5,085.96"
2026-Mar-05,trade,buy,Buy trade,IE0002PG6CA6,VanEck UCITS ETFs plc - VanEck Rare Earth and Strategic Metals UCITS ETF,20,317.16,€4768.80,"Trade Buy trade IE0002PG6CA6 VanEck UCITS ETFs plc - VanEck Rare Earth and Strategic Metals UCITS ETF, quantity: 20 €317.16 €4,768.80"
2026-Mar-05,trade,buy,Buy trade,FR0010524777,MULTI UNITS FRANCE - Amundi MSCI New Energy UCITS ETF Dist,25,957.63,€3811.17,"Trade Buy trade FR0010524777 MULTI UNITS FRANCE - Amundi MSCI New Energy UCITS ETF Dist, quantity: 25 €957.63 €3,811.17"
2026-Mar-05,trade,buy,Buy trade,IE00BMDKNW35,VanEck UCITS ETFs plc - VanEck Crypto and Blockchain Innovators UCITS ETF,50,495.80,€3315.37,"Trade Buy trade IE00BMDKNW35 VanEck UCITS ETFs plc - VanEck Crypto and Blockchain Innovators UCITS ETF, quantity: 50 €495.80 €3,315.37 TRADE REPUBLIC BANK GMBH BRUNNENSTRASSE 19-21 10119 BERLIN Trade Republic Bank GmbH Brunnenstraße 19-21 10119 Berlin www.traderepublic.com Headquarters: Berlin AG Charlottenburg HRB 244347 B VAT-ID DE307510626 Directors Andreas Torner Gernot Mittendorfer Christian Hecker Thomas Pischke"
2026-Mar-05,trade,buy,Buy trade,IE00B4K48X80,iShares III plc - iShares Core MSCI Europe UCITS ETF EUR (Acc),6,575.56,€2739.81,"Trade Buy trade IE00B4K48X80 iShares III plc - iShares Core MSCI Europe UCITS ETF EUR (Acc), quantity: 6 €575.56 €2,739.81"
2026-Mar-09,trade,buy,Buy trade,IE0002PG6CA6,VanEck UCITS ETFs plc - VanEck Rare Earth and Strategic Metals UCITS ETF,29,449.05,€2290.76,"Trade Buy trade IE0002PG6CA6 VanEck UCITS ETFs plc - VanEck Rare Earth and Strategic Metals UCITS ETF, quantity: 29 €449.05 €2,290.76"
2026-Mar-09,trade,buy,Buy trade,IE00B4K48X80,iShares III plc - iShares Core MSCI Europe UCITS ETF EUR (Acc),4,374.28,€1916.48,"Trade Buy trade IE00B4K48X80 iShares III plc - iShares Core MSCI Europe UCITS ETF EUR (Acc), quantity: 4 €374.28 €1,916.48"
2026-Mar-13,trade,buy,Buy trade,IE0002PG6CA6,VanEck UCITS ETFs plc - VanEck Rare Earth and Strategic Metals UCITS ETF,39,613.07,€1303.41,"Trade Buy trade IE0002PG6CA6 VanEck UCITS ETFs plc - VanEck Rare Earth and Strategic Metals UCITS ETF, quantity: 39 €613.07 €1,303.41"
2026-Mar-13,trade,sell,Sell trade,FR0010524777,MULTI UNITS FRANCE - Amundi MSCI New Energy UCITS ETF Dist,25,963.88,€2267.29,"Trade Sell trade FR0010524777 MULTI UNITS FRANCE - Amundi MSCI New Energy UCITS ETF Dist, quantity: 25 €963.88 €2,267.29"
2026-Mar-13,trade,sell,Sell trade,IE00BMDKNW35,VanEck UCITS ETFs plc - VanEck Crypto and Blockchain Innovators UCITS ETF,50,504.20,€2771.49,"Trade Sell trade IE00BMDKNW35 VanEck UCITS ETFs plc - VanEck Crypto and Blockchain Innovators UCITS ETF, quantity: 50 €504.20 €2,771.49"
2026-Mar-13,trade,buy,Buy trade,IE0002PG6CA6,VanEck UCITS ETFs plc - VanEck Rare Earth and Strategic Metals UCITS ETF,10,155.50,€2615.99,"Trade Buy trade IE0002PG6CA6 VanEck UCITS ETFs plc - VanEck Rare Earth and Strategic Metals UCITS ETF, quantity: 10 €155.50 €2,615.99"
2026-Mar-17,trade,sell,Sell trade,IE0002PG6CA6,VanEck UCITS ETFs plc - VanEck Rare Earth and Strategic Metals UCITS ETF,189,2835.89,€5451.88,"Trade Sell trade IE0002PG6CA6 VanEck UCITS ETFs plc - VanEck Rare Earth and Strategic Metals UCITS ETF, quantity: 189 €2,835.89 €5,451.88"
2026-Mar-17,trade,sell,Sell trade,IE00B4K48X80,iShares III plc - iShares Core MSCI Europe UCITS ETF EUR (Acc),10,950.80,€6402.68,"Trade Sell trade IE00B4K48X80 iShares III plc - iShares Core MSCI Europe UCITS ETF EUR (Acc), quantity: 10 €950.80 €6,402.68"
2026-Mar-17,trade,buy,Buy trade,IE00BMW42306,iShares VI plc - iShares MSCI Europe Financials Sector UCITS ETF EUR (Acc),100,1386.60,€5016.08,"Trade Buy trade IE00BMW42306 iShares VI plc - iShares MSCI Europe Financials Sector UCITS ETF EUR (Acc), quantity: 100 €1,386.60 €5,016.08"
2026-Mar-17,trade,buy,Buy trade,IE00B5W4TY14,iShares VII plc - iShares MSCI Korea UCITS ETF USD (Acc) USD (Acc),4,1297.60,€3718.48,"Trade Buy trade IE00B5W4TY14 iShares VII plc - iShares MSCI Korea UCITS ETF USD (Acc) USD (Acc), quantity: 4 €1,297.60 €3,718.48"
2026-Mar-17,trade,buy,Buy trade,IE00B3WJKG14,iShares V plc - iShares S&P 500 Information Technology Sector UCITS ETF USD (Acc),40,1378.60,€2339.88,"Trade Buy trade IE00B3WJKG14 iShares V plc - iShares S&P 500 Information Technology Sector UCITS ETF USD (Acc), quantity: 40 €1,378.60 €2,339.88"
2026-Mar-17,trade,buy,Buy trade,IE00B42NKQ00,iShares V plc - iShares S&P 500 Energy Sector UCITS ETF USD (Acc),150,1583.50,€756.38,"Trade Buy trade IE00B42NKQ00 iShares V plc - iShares S&P 500 Energy Sector UCITS ETF USD (Acc), quantity: 150 €1,583.50 €756.38"
2026-Mar-18,trade,buy,Buy trade,XF000SOL0012,Solana,1,78.92,€677.46,"Trade Buy trade XF000SOL0012 Solana, quantity: 1 €78.92 €677.46 TRADE REPUBLIC BANK GMBH BRUNNENSTRASSE 19-21 10119 BERLIN Trade Republic Bank GmbH Brunnenstraße 19-21 10119 Berlin www.traderepublic.com Headquarters: Berlin AG Charlottenburg HRB 244347 B VAT-ID DE307510626 Directors Andreas Torner Gernot Mittendorfer Christian Hecker Thomas Pischke"
2026-Mar-19,trade,sell,Sell trade,IE00BMW42306,iShares VI plc - iShares MSCI Europe Financials Sector UCITS ETF EUR (Acc),20,269.48,€946.94,"Trade Sell trade IE00BMW42306 iShares VI plc - iShares MSCI Europe Financials Sector UCITS ETF EUR (Acc), quantity: 20 €269.48 €946.94"
2026-Mar-19,trade,sell,Sell trade,IE00B3WJKG14,iShares V plc - iShares S&P 500 Information Technology Sector UCITS ETF USD (Acc),4,134.90,€1081.84,"Trade Sell trade IE00B3WJKG14 iShares V plc - iShares S&P 500 Information Technology Sector UCITS ETF USD (Acc), quantity: 4 €134.90 €1,081.84"
2026-Mar-20,trade,sell,Sell trade,IE00BMW42306,iShares VI plc - iShares MSCI Europe Financials Sector UCITS ETF EUR (Acc),3,39.69,€1121.53,"Trade Sell trade IE00BMW42306 iShares VI plc - iShares MSCI Europe Financials Sector UCITS ETF EUR (Acc), quantity: 3 €39.69 €1,121.53"
2026-Mar-20,trade,sell,Sell trade,IE00B5W4TY14,iShares VII plc - iShares MSCI Korea UCITS ETF USD (Acc) USD (Acc),4,1255.00,€2376.53,"Trade Sell trade IE00B5W4TY14 iShares VII plc - iShares MSCI Korea UCITS ETF USD (Acc) USD (Acc), quantity: 4 €1,255.00 €2,376.53"
2026-Mar-20,trade,sell,Sell trade,IE00B3WJKG14,iShares V plc - iShares S&P 500 Information Technology Sector UCITS ETF USD (Acc),33,1101.37,€3477.90,"Trade Sell trade IE00B3WJKG14 iShares V plc - iShares S&P 500 Information Technology Sector UCITS ETF USD (Acc), quantity: 33 €1,101.37 €3,477.90"
2026-Mar-20,trade,sell,Sell trade,IE00BMW42306,iShares VI plc - iShares MSCI Europe Financials Sector UCITS ETF EUR (Acc),77,1017.86,€4495.76,"Trade Sell trade IE00BMW42306 iShares VI plc - iShares MSCI Europe Financials Sector UCITS ETF EUR (Acc), quantity: 77 €1,017.86 €4,495.76"
2026-Mar-20,trade,sell,Sell trade,IE00B3WJKG14,iShares V plc - iShares S&P 500 Information Technology Sector UCITS ETF USD (Acc),3,99.22,€4594.98,"Trade Sell trade IE00B3WJKG14 iShares V plc - iShares S&P 500 Information Technology Sector UCITS ETF USD (Acc), quantity: 3 €99.22 €4,594.98"
2026-Mar-20,trade,sell,Sell trade,IE00B42NKQ00,iShares V plc - iShares S&P 500 Energy Sector UCITS ETF USD (Acc),150,1619.00,€6213.98,"Trade Sell trade IE00B42NKQ00 iShares V plc - iShares S&P 500 Energy Sector UCITS ETF USD (Acc), quantity: 150 €1,619.00 €6,213.98"
2026-Mar-20,trade,buy,Buy trade,AU000000DRO2,DRONESHIELD LTD,200,479.00,€5734.98,"Trade Buy trade AU000000DRO2 DRONESHIELD LTD, quantity: 200 €479.00 €5,734.98"
2026-Mar-20,trade,buy,Buy trade,IE00BQQP9F84,VanEck UCITS ETFs plc - VanEck Gold Miners UCITS ETF,3,236.47,€5498.51,"Trade Buy trade IE00BQQP9F84 VanEck UCITS ETFs plc - VanEck Gold Miners UCITS ETF, quantity: 3 €236.47 €5,498.51"
2026-Mar-20,trade,buy,Buy trade,IE00B40B8R38,iShares V plc - iShares S&P 500 Consumer Staples Sector UCITS ETF USD (Acc),1,9.52,€5488.99,"Trade Buy trade IE00B40B8R38 iShares V plc - iShares S&P 500 Consumer Staples Sector UCITS ETF USD (Acc), quantity: 1 €9.52 €5,488.99"
2026-Mar-20,trade,buy,Buy trade,IE00B3WJKG14,iShares V plc - iShares S&P 500 Information Technology Sector UCITS ETF USD (Acc),3,100.66,€5388.33,"Trade Buy trade IE00B3WJKG14 iShares V plc - iShares S&P 500 Information Technology Sector UCITS ETF USD (Acc), quantity: 3 €100.66 €5,388.33"
2026-Mar-20,trade,buy,Buy trade,IE00BDDRF478,iShares V plc - iShares S&P 500 Communication Sector UCITS ETF USD (Acc),4,48.64,€5339.69,"Trade Buy trade IE00BDDRF478 iShares V plc - iShares S&P 500 Communication Sector UCITS ETF USD (Acc), quantity: 4 €48.64 €5,339.69"
2026-Mar-20,trade,buy,Buy trade,IE00B4MCHD36,iShares V plc - iShares S&P 500 Consumer Discretionary Sector UCITS ETF USD (Acc),4,53.34,€5286.35,"Trade Buy trade IE00B4MCHD36 iShares V plc - iShares S&P 500 Consumer Discretionary Sector UCITS ETF USD (Acc), quantity: 4 €53.34 €5,286.35 TRADE REPUBLIC BANK GMBH BRUNNENSTRASSE 19-21 10119 BERLIN Trade Republic Bank GmbH Brunnenstraße 19-21 10119 Berlin www.traderepublic.com Headquarters: Berlin AG Charlottenburg HRB 244347 B VAT-ID DE307510626 Directors Andreas Torner Gernot Mittendorfer Christian Hecker Thomas Pischke"
2026-Mar-20,trade,buy,Buy trade,IE00BM67HL84,Xtrackers (IE) Plc - Xtrackers MSCI World Financials UCITS ETF 1C,2,70.14,€5216.21,"Trade Buy trade IE00BM67HL84 Xtrackers (IE) Plc - Xtrackers MSCI World Financials UCITS ETF 1C, quantity: 2 €70.14 €5,216.21"
2026-Mar-20,trade,buy,Buy trade,IE00B40B8R38,iShares V plc - iShares S&P 500 Consumer Staples Sector UCITS ETF USD (Acc),2,18.01,€5198.20,"Trade Buy trade IE00B40B8R38 iShares V plc - iShares S&P 500 Consumer Staples Sector UCITS ETF USD (Acc), quantity: 2 €18.01 €5,198.20"
2026-Mar-20,trade,buy,Buy trade,IE00B40B8R38,iShares V plc - iShares S&P 500 Consumer Staples Sector UCITS ETF USD (Acc),2,17.93,€5180.27,"Trade Buy trade IE00B40B8R38 iShares V plc - iShares S&P 500 Consumer Staples Sector UCITS ETF USD (Acc), quantity: 2 €17.93 €5,180.27"
2026-Mar-23,trade,sell,Sell trade,IE00BQQP9F84,VanEck UCITS ETFs plc - VanEck Gold Miners UCITS ETF,7,559.49,€5739.76,"Trade Sell trade IE00BQQP9F84 VanEck UCITS ETFs plc - VanEck Gold Miners UCITS ETF, quantity: 7 €559.49 €5,739.76"
2026-Mar-23,trade,buy,Buy trade,IE000M7V94E1,VanEck UCITS ETFs plc - VanEck Uranium and Nuclear Technologies UCITS ETF,2,94.88,€5644.88,"Trade Buy trade IE000M7V94E1 VanEck UCITS ETFs plc - VanEck Uranium and Nuclear Technologies UCITS ETF, quantity: 2 €94.88 €5,644.88"
2026-Mar-23,trade,buy,Buy trade,IE00B40B8R38,iShares V plc - iShares S&P 500 Consumer Staples Sector UCITS ETF USD (Acc),5,43.45,€5601.43,"Trade Buy trade IE00B40B8R38 iShares V plc - iShares S&P 500 Consumer Staples Sector UCITS ETF USD (Acc), quantity: 5 €43.45 €5,601.43"
2026-Mar-23,trade,buy,Buy trade,IE00BQQP9F84,VanEck UCITS ETFs plc - VanEck Gold Miners UCITS ETF,4,288.64,€5312.79,"Trade Buy trade IE00BQQP9F84 VanEck UCITS ETFs plc - VanEck Gold Miners UCITS ETF, quantity: 4 €288.64 €5,312.79"
2026-Mar-23,trade,buy,Buy trade,IE000M7V94E1,VanEck UCITS ETFs plc - VanEck Uranium and Nuclear Technologies UCITS ETF,2,94.00,€5218.79,"Trade Buy trade IE000M7V94E1 VanEck UCITS ETFs plc - VanEck Uranium and Nuclear Technologies UCITS ETF, quantity: 2 €94.00 €5,218.79"
2026-Mar-23,trade,buy,Buy trade,IE00B3WJKG14,iShares V plc - iShares S&P 500 Information Technology Sector UCITS ETF USD (Acc),6,204.31,€5014.48,"Trade Buy trade IE00B3WJKG14 iShares V plc - iShares S&P 500 Information Technology Sector UCITS ETF USD (Acc), quantity: 6 €204.31 €5,014.48"
2026-Mar-23,trade,buy,Buy trade,AU000000DRO2,DRONESHIELD LTD,20,47.00,€4967.48,"Trade Buy trade AU000000DRO2 DRONESHIELD LTD, quantity: 20 €47.00 €4,967.48"
2026-Mar-23,trade,buy,Buy trade,IE000M7V94E1,VanEck UCITS ETFs plc - VanEck Uranium and Nuclear Technologies UCITS ETF,15,735.70,€4231.78,"Trade Buy trade IE000M7V94E1 VanEck UCITS ETFs plc - VanEck Uranium and Nuclear Technologies UCITS ETF, quantity: 15 €735.70 €4,231.78"
2026-Mar-23,trade,buy,Buy trade,IE0002PG6CA6,VanEck UCITS ETFs plc - VanEck Rare Earth and Strategic Metals UCITS ETF,30,414.82,€3816.96,"Trade Buy trade IE0002PG6CA6 VanEck UCITS ETFs plc - VanEck Rare Earth and Strategic Metals UCITS ETF, quantity: 30 €414.82 €3,816.96"
2026-Mar-23,trade,buy,Buy trade,IE00BM67HL84,Xtrackers (IE) Plc - Xtrackers MSCI World Financials UCITS ETF 1C,5,177.98,€3638.98,"Trade Buy trade IE00BM67HL84 Xtrackers (IE) Plc - Xtrackers MSCI World Financials UCITS ETF 1C, quantity: 5 €177.98 €3,638.98"
2026-Mar-23,trade,buy,Buy trade,GB00B15KXW40,WITR COM.SEC.Z06/UN.UGAS,2,132.99,€3505.99,"Trade Buy trade GB00B15KXW40 WITR COM.SEC.Z06/UN.UGAS, quantity: 2 €132.99 €3,505.99 TRADE REPUBLIC BANK GMBH BRUNNENSTRASSE 19-21 10119 BERLIN Trade Republic Bank GmbH Brunnenstraße 19-21 10119 Berlin www.traderepublic.com Headquarters: Berlin AG Charlottenburg HRB 244347 B VAT-ID DE307510626 Directors Andreas Torner Gernot Mittendorfer Christian Hecker Thomas Pischke"
2026-Mar-23,trade,sell,Sell trade,GB00B15KXW40,WITR COM.SEC.Z06/UN.UGAS,2,126.81,€3632.80,"Trade Sell trade GB00B15KXW40 WITR COM.SEC.Z06/UN.UGAS, quantity: 2 €126.81 €3,632.80"
2026-Mar-23,trade,buy,Buy trade,IE00B6R51Z18,iShares V plc - iShares Oil & Gas Exploration & Production UCITS ETF USD (Acc),3,90.91,€3541.89,"Trade Buy trade IE00B6R51Z18 iShares V plc - iShares Oil & Gas Exploration & Production UCITS ETF USD (Acc), quantity: 3 €90.91 €3,541.89"
2026-Mar-24,trade,buy,Buy trade,IE00B6R51Z18,iShares V plc - iShares Oil & Gas Exploration & Production UCITS ETF USD (Acc),10,312.95,€3228.94,"Trade Buy trade IE00B6R51Z18 iShares V plc - iShares Oil & Gas Exploration & Production UCITS ETF USD (Acc), quantity: 10 €312.95 €3,228.94"
2026-Mar-24,trade,buy,Buy trade,IE00B40B8R38,iShares V plc - iShares S&P 500 Consumer Staples Sector UCITS ETF USD (Acc),11,93.98,€3134.96,"Trade Buy trade IE00B40B8R38 iShares V plc - iShares S&P 500 Consumer Staples Sector UCITS ETF USD (Acc), quantity: 11 €93.98 €3,134.96"
2026-Mar-24,trade,buy,Buy trade,IE00B42NKQ00,iShares V plc - iShares S&P 500 Energy Sector UCITS ETF USD (Acc),10,111.94,€3023.02,"Trade Buy trade IE00B42NKQ00 iShares V plc - iShares S&P 500 Energy Sector UCITS ETF USD (Acc), quantity: 10 €111.94 €3,023.02"
2026-Mar-24,trade,buy,Buy trade,IE00BDDRF478,iShares V plc - iShares S&P 500 Communication Sector UCITS ETF USD (Acc),4,48.35,€2974.67,"Trade Buy trade IE00BDDRF478 iShares V plc - iShares S&P 500 Communication Sector UCITS ETF USD (Acc), quantity: 4 €48.35 €2,974.67"
2026-Mar-24,trade,buy,Buy trade,IE00B42NKQ00,iShares V plc - iShares S&P 500 Energy Sector UCITS ETF USD (Acc),10,110.88,€2863.79,"Trade Buy trade IE00B42NKQ00 iShares V plc - iShares S&P 500 Energy Sector UCITS ETF USD (Acc), quantity: 10 €110.88 €2,863.79"
2026-Mar-25,trade,sell,Sell trade,IE000M7V94E1,VanEck UCITS ETFs plc - VanEck Uranium and Nuclear Technologies UCITS ETF,2,98.41,€2962.20,"Trade Sell trade IE000M7V94E1 VanEck UCITS ETFs plc - VanEck Uranium and Nuclear Technologies UCITS ETF, quantity: 2 €98.41 €2,962.20"
2026-Mar-25,trade,sell,Sell trade,AU000000DRO2,DRONESHIELD LTD,100,249.00,€3211.20,"Trade Sell trade AU000000DRO2 DRONESHIELD LTD, quantity: 100 €249.00 €3,211.20"
2026-Mar-25,trade,sell,Sell trade,IE00B6R51Z18,iShares V plc - iShares Oil & Gas Exploration & Production UCITS ETF USD (Acc),6.5,200.70,€3411.90,"Trade Sell trade IE00B6R51Z18 iShares V plc - iShares Oil & Gas Exploration & Production UCITS ETF USD (Acc), quantity: 6.5 €200.70 €3,411.90"
2026-Mar-25,trade,buy,Buy trade,IE00B3WJKG14,iShares V plc - iShares S&P 500 Information Technology Sector UCITS ETF USD (Acc),15,503.88,€2908.02,"Trade Buy trade IE00B3WJKG14 iShares V plc - iShares S&P 500 Information Technology Sector UCITS ETF USD (Acc), quantity: 15 €503.88 €2,908.02"
2026-Mar-26,trade,sell,Sell trade,IE000M7V94E1,VanEck UCITS ETFs plc - VanEck Uranium and Nuclear Technologies UCITS ETF,4,198.90,€3106.92,"Trade Sell trade IE000M7V94E1 VanEck UCITS ETFs plc - VanEck Uranium and Nuclear Technologies UCITS ETF, quantity: 4 €198.90 €3,106.92"
2026-Mar-26,trade,buy,Buy trade,IE00BDDRF478,iShares V plc - iShares S&P 500 Communication Sector UCITS ETF USD (Acc),10,117.58,€2989.34,"Trade Buy trade IE00BDDRF478 iShares V plc - iShares S&P 500 Communication Sector UCITS ETF USD (Acc), quantity: 10 €117.58 €2,989.34"
2026-Mar-26,trade,buy,Buy trade,IE000M7V94E1,VanEck UCITS ETFs plc - VanEck Uranium and Nuclear Technologies UCITS ETF,2,98.74,€2890.60,"Trade Buy trade IE000M7V94E1 VanEck UCITS ETFs plc - VanEck Uranium and Nuclear Technologies UCITS ETF, quantity: 2 €98.74 €2,890.60 TRADE REPUBLIC BANK GMBH BRUNNENSTRASSE 19-21 10119 BERLIN Trade Republic Bank GmbH Brunnenstraße 19-21 10119 Berlin www.traderepublic.com Headquarters: Berlin AG Charlottenburg HRB 244347 B VAT-ID DE307510626 Directors Andreas Torner Gernot Mittendorfer Christian Hecker Thomas Pischke"
2026-Mar-26,trade,buy,Buy trade,IE00B3WJKG14,iShares V plc - iShares S&P 500 Information Technology Sector UCITS ETF USD (Acc),3,100.06,€2790.54,"Trade Buy trade IE00B3WJKG14 iShares V plc - iShares S&P 500 Information Technology Sector UCITS ETF USD (Acc), quantity: 3 €100.06 €2,790.54"
2026-Mar-26,trade,buy,Buy trade,XF000SOL0012,Solana,1,76.33,€2714.21,"Trade Buy trade XF000SOL0012 Solana, quantity: 1 €76.33 €2,714.21"
2026-Mar-27,trade,sell,Sell trade,IE00B4MCHD36,iShares V plc - iShares S&P 500 Consumer Discretionary Sector UCITS ETF USD (Acc),4,51.94,€2766.15,"Trade Sell trade IE00B4MCHD36 iShares V plc - iShares S&P 500 Consumer Discretionary Sector UCITS ETF USD (Acc), quantity: 4 €51.94 €2,766.15"
2026-Mar-27,trade,buy,Buy trade,IE000J80JTL1,FIRST TRUST GLOBAL FUNDS PUBLIC LIMITED COMPANY - First Trust Nasdaq Clean Edge Smart Grid Infrastructure UCITS ETF (USD) Class A Accumulation,10,481.00,€2285.15,"Trade Buy trade IE000J80JTL1 FIRST TRUST GLOBAL FUNDS PUBLIC LIMITED COMPANY - First Trust Nasdaq Clean Edge Smart Grid Infrastructure UCITS ETF (USD) Class A Accumulation, quantity: 10 €481.00 €2,285.15"
2026-Mar-27,trade,sell,Sell trade,IE00B40B8R38,iShares V plc - iShares S&P 500 Consumer Staples Sector UCITS ETF USD (Acc),21,177.98,€2463.13,"Trade Sell trade IE00B40B8R38 iShares V plc - iShares S&P 500 Consumer Staples Sector UCITS ETF USD (Acc), quantity: 21 €177.98 €2,463.13"
2026-Mar-30,trade,buy,Buy trade,IE00B6R51Z18,iShares V plc - iShares Oil & Gas Exploration & Production UCITS ETF USD (Acc),15,499.23,€1963.90,"Trade Buy trade IE00B6R51Z18 iShares V plc - iShares Oil & Gas Exploration & Production UCITS ETF USD (Acc), quantity: 15 €499.23 €1,963.90"
2026-Mar-30,trade,buy,Buy trade,IE00B42NKQ00,iShares V plc - iShares S&P 500 Energy Sector UCITS ETF USD (Acc),20,233.40,€1730.50,"Trade Buy trade IE00B42NKQ00 iShares V plc - iShares S&P 500 Energy Sector UCITS ETF USD (Acc), quantity: 20 €233.40 €1,730.50"
2026-Mar-30,trade,sell,Sell trade,IE00B42NKQ00,iShares V plc - iShares S&P 500 Energy Sector UCITS ETF USD (Acc),10,115.44,€1845.94,"Trade Sell trade IE00B42NKQ00 iShares V plc - iShares S&P 500 Energy Sector UCITS ETF USD (Acc), quantity: 10 €115.44 €1,845.94"
2026-Mar-30,trade,sell,Sell trade,IE00B3WJKG14,iShares V plc - iShares S&P 500 Information Technology Sector UCITS ETF USD (Acc),7,225.03,€2070.97,"Trade Sell trade IE00B3WJKG14 iShares V plc - iShares S&P 500 Information Technology Sector UCITS ETF USD (Acc), quantity: 7 €225.03 €2,070.97"
2026-Mar-30,trade,buy,Buy trade,IE00B42NKQ00,iShares V plc - iShares S&P 500 Energy Sector UCITS ETF USD (Acc),10,115.78,€1955.19,"Trade Buy trade IE00B42NKQ00 iShares V plc - iShares S&P 500 Energy Sector UCITS ETF USD (Acc), quantity: 10 €115.78 €1,955.19"
2026-Apr-01,interest,,Interest,,,,4.72,€1959.91,Interest payment
2026-Apr-01,trade,sell,Sell trade,AU000000DRO2,DRONESHIELD LTD,120,286.40,€2246.31,"Trade Sell trade AU000000DRO2 DRONESHIELD LTD, quantity: 120 €286.40 €2,246.31"
2026-Apr-01,trade,buy,Buy trade,DE0002635307,iShares STOXX Europe 600 UCITS ETF (DE) EUR (Dist),15,889.15,€1357.16,"Trade Buy trade DE0002635307 iShares STOXX Europe 600 UCITS ETF (DE) EUR (Dist), quantity: 15 €889.15 €1,357.16"
2026-Apr-01,trade,buy,Buy trade,IE00B4L5YX21,iShares III plc - iShares Core MSCI Japan IMI UCITS ETF USD (Acc),10,643.00,€714.16,"Trade Buy trade IE00B4L5YX21 iShares III plc - iShares Core MSCI Japan IMI UCITS ETF USD (Acc), quantity: 10 €643.00 €714.16 TRADE REPUBLIC BANK GMBH BRUNNENSTRASSE 19-21 10119 BERLIN Trade Republic Bank GmbH Brunnenstraße 19-21 10119 Berlin www.traderepublic.com Headquarters: Berlin AG Charlottenburg HRB 244347 B VAT-ID DE307510626 Directors Andreas Torner Gernot Mittendorfer Christian Hecker Thomas Pischke"
2026-Apr-01,trade,sell,Sell trade,IE00BDDRF478,iShares V plc - iShares S&P 500 Communication Sector UCITS ETF USD (Acc),18,211.22,€925.38,"Trade Sell trade IE00BDDRF478 iShares V plc - iShares S&P 500 Communication Sector UCITS ETF USD (Acc), quantity: 18 €211.22 €925.38"
2026-Apr-01,trade,sell,Sell trade,IE00B42NKQ00,iShares V plc - iShares S&P 500 Energy Sector UCITS ETF USD (Acc),20,216.56,€1141.94,"Trade Sell trade IE00B42NKQ00 iShares V plc - iShares S&P 500 Energy Sector UCITS ETF USD (Acc), quantity: 20 €216.56 €1,141.94"
2026-Apr-01,trade,sell,Sell trade,IE00B6R51Z18,iShares V plc - iShares Oil & Gas Exploration & Production UCITS ETF USD (Acc),5.75,176.93,€1318.87,"Trade Sell trade IE00B6R51Z18 iShares V plc - iShares Oil & Gas Exploration & Production UCITS ETF USD (Acc), quantity: 5.75 €176.93 €1,318.87"
2026-Apr-01,trade,sell,Sell trade,IE00B6R51Z18,iShares V plc - iShares Oil & Gas Exploration & Production UCITS ETF USD (Acc),5.75,176.99,€1495.86,"Trade Sell trade IE00B6R51Z18 iShares V plc - iShares Oil & Gas Exploration & Production UCITS ETF USD (Acc), quantity: 5.75 €176.99 €1,495.86"
2026-Apr-01,trade,sell,Sell trade,IE00B42NKQ00,iShares V plc - iShares S&P 500 Energy Sector UCITS ETF USD (Acc),20,216.28,€1712.14,"Trade Sell trade IE00B42NKQ00 iShares V plc - iShares S&P 500 Energy Sector UCITS ETF USD (Acc), quantity: 20 €216.28 €1,712.14"
2026-Apr-01,trade,buy,Buy trade,LU0659580079,Xtrackers - Xtrackers MSCI Japan UCITS ETF 4C - EUR Hedged,10,545.90,€1166.24,"Trade Buy trade LU0659580079 Xtrackers - Xtrackers MSCI Japan UCITS ETF 4C - EUR Hedged, quantity: 10 €545.90 €1,166.24"
2026-Apr-01,trade,sell,Sell trade,LU0659580079,Xtrackers - Xtrackers MSCI Japan UCITS ETF 4C - EUR Hedged,10,541.84,€1708.08,"Trade Sell trade LU0659580079 Xtrackers - Xtrackers MSCI Japan UCITS ETF 4C - EUR Hedged, quantity: 10 €541.84 €1,708.08"
2026-Apr-01,trade,sell,Sell trade,IE00B6R51Z18,iShares V plc - iShares Oil & Gas Exploration & Production UCITS ETF USD (Acc),4,120.66,€1828.74,"Trade Sell trade IE00B6R51Z18 iShares V plc - iShares Oil & Gas Exploration & Production UCITS ETF USD (Acc), quantity: 4 €120.66 €1,828.74"
2026-Apr-02,trade,buy,Savings plan execution,DE0002635307,iShares STOXX Europe 600 UCITS ETF (DE) EUR (Dist),0.255188,15.00,€1813.74,"Trade Savings plan execution DE0002635307 iShares STOXX Europe 600 UCITS ETF (DE) EUR (Dist), quantity: 0.255188 €15.00 €1,813.74"
2026-Apr-02,trade,buy,Savings plan execution,IE00B4L5YX21,iShares III plc - iShares Core MSCI Japan IMI UCITS ETF USD (Acc),0.237755,15.00,€1798.74,"Trade Savings plan execution IE00B4L5YX21 iShares III plc - iShares Core MSCI Japan IMI UCITS ETF USD (Acc), quantity: 0.237755 €15.00 €1,798.74"
2026-Apr-02,trade,buy,Savings plan execution,IE00BM67HL84,Xtrackers (IE) Plc - Xtrackers MSCI World Financials UCITS ETF 1C,0.560931,20.00,€1778.74,"Trade Savings plan execution IE00BM67HL84 Xtrackers (IE) Plc - Xtrackers MSCI World Financials UCITS ETF 1C, quantity: 0.560931 €20.00 €1,778.74"
2026-Apr-08,trade,sell,Sell trade,IE000J80JTL1,FIRST TRUST GLOBAL FUNDS PUBLIC LIMITED COMPANY - First Trust Nasdaq Clean Edge Smart Grid Infrastructure UCITS ETF (USD) Class A Accumulation,5,249.00,€2027.74,"Trade Sell trade IE000J80JTL1 FIRST TRUST GLOBAL FUNDS PUBLIC LIMITED COMPANY - First Trust Nasdaq Clean Edge Smart Grid Infrastructure UCITS ETF (USD) Class A Accumulation, quantity: 5 €249.00 €2,027.74"
2026-Apr-09,trade,buy,Savings plan execution,DE0002635307,iShares STOXX Europe 600 UCITS ETF (DE) EUR (Dist),0.247279,15.00,€2012.74,"Trade Savings plan execution DE0002635307 iShares STOXX Europe 600 UCITS ETF (DE) EUR (Dist), quantity: 0.247279 €15.00 €2,012.74"
2026-Apr-09,trade,buy,Savings plan execution,IE00B4L5YX21,iShares III plc - iShares Core MSCI Japan IMI UCITS ETF USD (Acc),0.233136,15.00,€1997.74,"Trade Savings plan execution IE00B4L5YX21 iShares III plc - iShares Core MSCI Japan IMI UCITS ETF USD (Acc), quantity: 0.233136 €15.00 €1,997.74 TRADE REPUBLIC BANK GMBH BRUNNENSTRASSE 19-21 10119 BERLIN Trade Republic Bank GmbH Brunnenstraße 19-21 10119 Berlin www.traderepublic.com Headquarters: Berlin AG Charlottenburg HRB 244347 B VAT-ID DE307510626 Directors Andreas Torner Gernot Mittendorfer Christian Hecker Thomas Pischke"
2026-Apr-10,trade,sell,Sell trade,IE0002PG6CA6,VanEck UCITS ETFs plc - VanEck Rare Earth and Strategic Metals UCITS ETF,15,239.03,€2236.77,"Trade Sell trade IE0002PG6CA6 VanEck UCITS ETFs plc - VanEck Rare Earth and Strategic Metals UCITS ETF, quantity: 15 €239.03 €2,236.77"
2026-Apr-13,trade,sell,Sell trade,IE00B6R51Z18,iShares V plc - iShares Oil & Gas Exploration & Production UCITS ETF USD (Acc),6,180.20,€2416.97,"Trade Sell trade IE00B6R51Z18 iShares V plc - iShares Oil & Gas Exploration & Production UCITS ETF USD (Acc), quantity: 6 €180.20 €2,416.97"
2026-Apr-13,trade,sell,Sell trade,IE000M7V94E1,VanEck UCITS ETFs plc - VanEck Uranium and Nuclear Technologies UCITS ETF,7,345.75,€2762.72,"Trade Sell trade IE000M7V94E1 VanEck UCITS ETFs plc - VanEck Uranium and Nuclear Technologies UCITS ETF, quantity: 7 €345.75 €2,762.72"
2026-Apr-14,trade,buy,Buy trade,IE00BGL86Z12,iShares IV plc - iShares Electric Vehicles and Driving Technology UCITS ETF USD (Acc),40,359.36,€2403.36,"Trade Buy trade IE00BGL86Z12 iShares IV plc - iShares Electric Vehicles and Driving Technology UCITS ETF USD (Acc), quantity: 40 €359.36 €2,403.36"
2026-Apr-14,trade,sell,Sell trade,IE00B4L5YX21,iShares III plc - iShares Core MSCI Japan IMI UCITS ETF USD (Acc),10.470891,673.64,€3077.00,"Trade Sell trade IE00B4L5YX21 iShares III plc - iShares Core MSCI Japan IMI UCITS ETF USD (Acc), quantity: 10.470891 €673.64 €3,077.00"
2026-Apr-14,trade,buy,Buy trade,IE000YU9K6K2,VanEck UCITS ETFs plc - VanEck Space Innovators UCITS ETF,6,503.08,€2573.92,"Trade Buy trade IE000YU9K6K2 VanEck UCITS ETFs plc - VanEck Space Innovators UCITS ETF, quantity: 6 €503.08 €2,573.92"
2026-Apr-14,trade,sell,Sell trade,IE00BGL86Z12,iShares IV plc - iShares Electric Vehicles and Driving Technology UCITS ETF USD (Acc),40,357.24,€2931.16,"Trade Sell trade IE00BGL86Z12 iShares IV plc - iShares Electric Vehicles and Driving Technology UCITS ETF USD (Acc), quantity: 40 €357.24 €2,931.16"
2026-Apr-14,trade,buy,Buy trade,IE000J80JTL1,FIRST TRUST GLOBAL FUNDS PUBLIC LIMITED COMPANY - First Trust Nasdaq Clean Edge Smart Grid Infrastructure UCITS ETF (USD) Class A Accumulation,7,370.60,€2560.56,"Trade Buy trade IE000J80JTL1 FIRST TRUST GLOBAL FUNDS PUBLIC LIMITED COMPANY - First Trust Nasdaq Clean Edge Smart Grid Infrastructure UCITS ETF (USD) Class A Accumulation, quantity: 7 €370.60 €2,560.56"
2026-Apr-14,trade,buy,Buy trade,IE0002PG6CA6,VanEck UCITS ETFs plc - VanEck Rare Earth and Strategic Metals UCITS ETF,10,163.60,€2396.96,"Trade Buy trade IE0002PG6CA6 VanEck UCITS ETFs plc - VanEck Rare Earth and Strategic Metals UCITS ETF, quantity: 10 €163.60 €2,396.96"
2026-Apr-14,trade,sell,Sell trade,IE000YU9K6K2,VanEck UCITS ETFs plc - VanEck Space Innovators UCITS ETF,2,163.58,€2560.54,"Trade Sell trade IE000YU9K6K2 VanEck UCITS ETFs plc - VanEck Space Innovators UCITS ETF, quantity: 2 €163.58 €2,560.54"
2026-Apr-14,trade,buy,Buy trade,IE000YU9K6K2,VanEck UCITS ETFs plc - VanEck Space Innovators UCITS ETF,3,245.50,€2315.04,"Trade Buy trade IE000YU9K6K2 VanEck UCITS ETFs plc - VanEck Space Innovators UCITS ETF, quantity: 3 €245.50 €2,315.04"
2026-Apr-14,trade,sell,Sell trade,IE000YU9K6K2,VanEck UCITS ETFs plc - VanEck Space Innovators UCITS ETF,3.5,282.99,€2598.03,"Trade Sell trade IE000YU9K6K2 VanEck UCITS ETFs plc - VanEck Space Innovators UCITS ETF, quantity: 3.5 €282.99 €2,598.03"
2026-Apr-14,trade,buy,Buy trade,IE000YU9K6K2,VanEck UCITS ETFs plc - VanEck Space Innovators UCITS ETF,1.5,123.42,€2474.61,"Trade Buy trade IE000YU9K6K2 VanEck UCITS ETFs plc - VanEck Space Innovators UCITS ETF, quantity: 1.5 €123.42 €2,474.61"
2026-Apr-16,trade,sell,Sell trade,IE00BM67HL84,Xtrackers (IE) Plc - Xtrackers MSCI World Financials UCITS ETF 1C,7.560931,281.10,€2755.71,"Trade Sell trade IE00BM67HL84 Xtrackers (IE) Plc - Xtrackers MSCI World Financials UCITS ETF 1C, quantity: 7.560931 €281.10 €2,755.71 TRADE REPUBLIC BANK GMBH BRUNNENSTRASSE 19-21 10119 BERLIN Trade Republic Bank GmbH Brunnenstraße 19-21 10119 Berlin www.traderepublic.com Headquarters: Berlin AG Charlottenburg HRB 244347 B VAT-ID DE307510626 Directors Andreas Torner Gernot Mittendorfer Christian Hecker Thomas Pischke"
2026-Apr-16,trade,sell,Sell trade,IE000YU9K6K2,VanEck UCITS ETFs plc - VanEck Space Innovators UCITS ETF,5,419.05,€3174.76,"Trade Sell trade IE000YU9K6K2 VanEck UCITS ETFs plc - VanEck Space Innovators UCITS ETF, quantity: 5 €419.05 €3,174.76"
2026-Apr-16,trade,buy,Buy trade,IE00BK5BQT80,Vanguard Funds PLC - Vanguard FTSE All-World UCITS ETF (USD) Accumulating,6,911.68,€2263.08,"Trade Buy trade IE00BK5BQT80 Vanguard Funds PLC - Vanguard FTSE All-World UCITS ETF (USD) Accumulating, quantity: 6 €911.68 €2,263.08"
2026-Apr-16,trade,sell,Sell trade,DE0002635307,iShares STOXX Europe 600 UCITS ETF (DE) EUR (Dist),5.502467,337.46,€2600.54,"Trade Sell trade DE0002635307 iShares STOXX Europe 600 UCITS ETF (DE) EUR (Dist), quantity: 5.502467 €337.46 €2,600.54"
2026-Apr-16,trade,buy,Savings plan execution,DE0002635307,iShares STOXX Europe 600 UCITS ETF (DE) EUR (Dist),0.243664,15.00,€2585.54,"Trade Savings plan execution DE0002635307 iShares STOXX Europe 600 UCITS ETF (DE) EUR (Dist), quantity: 0.243664 €15.00 €2,585.54"
2026-Apr-16,trade,buy,Buy trade,IE000M7V94E1,VanEck UCITS ETFs plc - VanEck Uranium and Nuclear Technologies UCITS ETF,2,108.58,€2476.96,"Trade Buy trade IE000M7V94E1 VanEck UCITS ETFs plc - VanEck Uranium and Nuclear Technologies UCITS ETF, quantity: 2 €108.58 €2,476.96"
2026-Apr-16,trade,sell,Sell trade,IE00B3WJKG14,iShares V plc - iShares S&P 500 Information Technology Sector UCITS ETF USD (Acc),2,72.12,€2549.08,"Trade Sell trade IE00B3WJKG14 iShares V plc - iShares S&P 500 Information Technology Sector UCITS ETF USD (Acc), quantity: 2 €72.12 €2,549.08"
2026-Apr-16,trade,buy,Savings plan execution,IE0002PG6CA6,VanEck UCITS ETFs plc - VanEck Rare Earth and Strategic Metals UCITS ETF,1.200768,20.00,€2529.08,"Trade Savings plan execution IE0002PG6CA6 VanEck UCITS ETFs plc - VanEck Rare Earth and Strategic Metals UCITS ETF, quantity: 1.200768 €20.00 €2,529.08"
2026-Apr-16,trade,buy,Savings plan execution,IE000J80JTL1,FIRST TRUST GLOBAL FUNDS PUBLIC LIMITED COMPANY - First Trust Nasdaq Clean Edge Smart Grid Infrastructure UCITS ETF (USD) Class A Accumulation,1.136794,60.00,€2469.08,"Trade Savings plan execution IE000J80JTL1 FIRST TRUST GLOBAL FUNDS PUBLIC LIMITED COMPANY - First Trust Nasdaq Clean Edge Smart Grid Infrastructure UCITS ETF (USD) Class A Accumulation, quantity: 1.136794 €60.00 €2,469.08"
2026-Apr-16,trade,sell,Sell trade,IE00BM67HL84,Xtrackers (IE) Plc - Xtrackers MSCI World Financials UCITS ETF 1C,0.53684,18.98,€2488.06,"Trade Sell trade IE00BM67HL84 Xtrackers (IE) Plc - Xtrackers MSCI World Financials UCITS ETF 1C, quantity: 0.53684 €18.98 €2,488.06"
2026-Apr-16,trade,buy,Savings plan execution,IE00BM67HL84,Xtrackers (IE) Plc - Xtrackers MSCI World Financials UCITS ETF 1C,0.536840,20.00,€2468.06,"Trade Savings plan execution IE00BM67HL84 Xtrackers (IE) Plc - Xtrackers MSCI World Financials UCITS ETF 1C, quantity: 0.536840 €20.00 €2,468.06"
2026-Apr-16,trade,buy,Savings plan execution,IE000M7V94E1,VanEck UCITS ETFs plc - VanEck Uranium and Nuclear Technologies UCITS ETF,0.281056,15.00,€2453.06,"Trade Savings plan execution IE000M7V94E1 VanEck UCITS ETFs plc - VanEck Uranium and Nuclear Technologies UCITS ETF, quantity: 0.281056 €15.00 €2,453.06"
2026-Apr-17,trade,sell,Sell trade,IE00B3WJKG14,iShares V plc - iShares S&P 500 Information Technology Sector UCITS ETF USD (Acc),3,110.02,€2563.08,"Trade Sell trade IE00B3WJKG14 iShares V plc - iShares S&P 500 Information Technology Sector UCITS ETF USD (Acc), quantity: 3 €110.02 €2,563.08"
2026-Apr-17,trade,buy,Buy trade,IE00BK5BQT80,Vanguard Funds PLC - Vanguard FTSE All-World UCITS ETF (USD) Accumulating,4,612.04,€1951.04,"Trade Buy trade IE00BK5BQT80 Vanguard Funds PLC - Vanguard FTSE All-World UCITS ETF (USD) Accumulating, quantity: 4 €612.04 €1,951.04"
2026-Apr-17,trade,sell,Sell trade,DE0002635307,iShares STOXX Europe 600 UCITS ETF (DE) EUR (Dist),2,123.64,€2074.68,"Trade Sell trade DE0002635307 iShares STOXX Europe 600 UCITS ETF (DE) EUR (Dist), quantity: 2 €123.64 €2,074.68 TRADE REPUBLIC BANK GMBH BRUNNENSTRASSE 19-21 10119 BERLIN Trade Republic Bank GmbH Brunnenstraße 19-21 10119 Berlin www.traderepublic.com Headquarters: Berlin AG Charlottenburg HRB 244347 B VAT-ID DE307510626 Directors Andreas Torner Gernot Mittendorfer Christian Hecker Thomas Pischke"
2026-Apr-17,trade,sell,Sell trade,IE000J80JTL1,FIRST TRUST GLOBAL FUNDS PUBLIC LIMITED COMPANY - First Trust Nasdaq Clean Edge Smart Grid Infrastructure UCITS ETF (USD) Class A Accumulation,3,159.92,€2234.60,"Trade Sell trade IE000J80JTL1 FIRST TRUST GLOBAL FUNDS PUBLIC LIMITED COMPANY - First Trust Nasdaq Clean Edge Smart Grid Infrastructure UCITS ETF (USD) Class A Accumulation, quantity: 3 €159.92 €2,234.60"
2026-Apr-20,trade,buy,Buy trade,XF000SOL0012,Solana,3,223.12,€2011.48,"Trade Buy trade XF000SOL0012 Solana, quantity: 3 €223.12 €2,011.48"
2026-Apr-20,trade,buy,Buy trade,IE00BK5BQT80,Vanguard Funds PLC - Vanguard FTSE All-World UCITS ETF (USD) Accumulating,4,613.00,€1398.48,"Trade Buy trade IE00BK5BQT80 Vanguard Funds PLC - Vanguard FTSE All-World UCITS ETF (USD) Accumulating, quantity: 4 €613.00 €1,398.48"
2026-Apr-20,trade,buy,Buy trade,DE0002635307,iShares STOXX Europe 600 UCITS ETF (DE) EUR (Dist),2.756336,171.76,€1226.72,"Trade Buy trade DE0002635307 iShares STOXX Europe 600 UCITS ETF (DE) EUR (Dist), quantity: 2.756336 €171.76 €1,226.72"
2026-Apr-20,trade,sell,Sell trade,IE000J80JTL1,FIRST TRUST GLOBAL FUNDS PUBLIC LIMITED COMPANY - First Trust Nasdaq Clean Edge Smart Grid Infrastructure UCITS ETF (USD) Class A Accumulation,2.136794,112.98,€1339.70,"Trade Sell trade IE000J80JTL1 FIRST TRUST GLOBAL FUNDS PUBLIC LIMITED COMPANY - First Trust Nasdaq Clean Edge Smart Grid Infrastructure UCITS ETF (USD) Class A Accumulation, quantity: 2.136794 €112.98 €1,339.70"
2026-Apr-20,trade,buy,Buy trade,IE00B3WJKG14,iShares V plc - iShares S&P 500 Information Technology Sector UCITS ETF USD (Acc),6.726759,250.97,€1088.73,"Trade Buy trade IE00B3WJKG14 iShares V plc - iShares S&P 500 Information Technology Sector UCITS ETF USD (Acc), quantity: 6.726759 €250.97 €1,088.73"
2026-Apr-22,trade,sell,Sell trade,DE0002635307,iShares STOXX Europe 600 UCITS ETF (DE) EUR (Dist),2,121.50,€1210.23,"Trade Sell trade DE0002635307 iShares STOXX Europe 600 UCITS ETF (DE) EUR (Dist), quantity: 2 €121.50 €1,210.23"
2026-Apr-23,trade,sell,Sell trade,IE0002PG6CA6,VanEck UCITS ETFs plc - VanEck Rare Earth and Strategic Metals UCITS ETF,5.200768,85.74,€1295.97,"Trade Sell trade IE0002PG6CA6 VanEck UCITS ETFs plc - VanEck Rare Earth and Strategic Metals UCITS ETF, quantity: 5.200768 €85.74 €1,295.97"
2026-Apr-23,trade,buy,Buy trade,IE00B3WJKG14,iShares V plc - iShares S&P 500 Information Technology Sector UCITS ETF USD (Acc),2.273241,87.34,€1208.63,"Trade Buy trade IE00B3WJKG14 iShares V plc - iShares S&P 500 Information Technology Sector UCITS ETF USD (Acc), quantity: 2.273241 €87.34 €1,208.63"
2026-Apr-23,trade,buy,Buy trade,IE0002PG6CA6,VanEck UCITS ETFs plc - VanEck Rare Earth and Strategic Metals UCITS ETF,5,84.15,€1124.48,"Trade Buy trade IE0002PG6CA6 VanEck UCITS ETFs plc - VanEck Rare Earth and Strategic Metals UCITS ETF, quantity: 5 €84.15 €1,124.48"
2026-Apr-23,trade,sell,Sell trade,IE0002PG6CA6,VanEck UCITS ETFs plc - VanEck Rare Earth and Strategic Metals UCITS ETF,2,31.96,€1156.44,"Trade Sell trade IE0002PG6CA6 VanEck UCITS ETFs plc - VanEck Rare Earth and Strategic Metals UCITS ETF, quantity: 2 €31.96 €1,156.44"
2026-Apr-24,trade,sell,Sell trade,IE000M7V94E1,VanEck UCITS ETFs plc - VanEck Uranium and Nuclear Technologies UCITS ETF,2,106.80,€1263.24,"Trade Sell trade IE000M7V94E1 VanEck UCITS ETFs plc - VanEck Uranium and Nuclear Technologies UCITS ETF, quantity: 2 €106.80 €1,263.24"
2026-Apr-24,trade,sell,Sell trade,IE000M7V94E1,VanEck UCITS ETFs plc - VanEck Uranium and Nuclear Technologies UCITS ETF,0.281056,15.15,€1278.39,"Trade Sell trade IE000M7V94E1 VanEck UCITS ETFs plc - VanEck Uranium and Nuclear Technologies UCITS ETF, quantity: 0.281056 €15.15 €1,278.39"
2026-Apr-27,trade,sell,Sell trade,DE0002635307,iShares STOXX Europe 600 UCITS ETF (DE) EUR (Dist),4,242.76,€1521.15,"Trade Sell trade DE0002635307 iShares STOXX Europe 600 UCITS ETF (DE) EUR (Dist), quantity: 4 €242.76 €1,521.15 TRADE REPUBLIC BANK GMBH BRUNNENSTRASSE 19-21 10119 BERLIN Trade Republic Bank GmbH Brunnenstraße 19-21 10119 Berlin www.traderepublic.com Headquarters: Berlin AG Charlottenburg HRB 244347 B VAT-ID DE307510626 Directors Andreas Torner Gernot Mittendorfer Christian Hecker Thomas Pischke"
2026-Apr-27,trade,buy,Buy trade,IE000I8KRLL9,iShares IV plc - iShares MSCI Global Semiconductors UCITS ETF USD (Acc),40,576.44,€944.71,"Trade Buy trade IE000I8KRLL9 iShares IV plc - iShares MSCI Global Semiconductors UCITS ETF USD (Acc), quantity: 40 €576.44 €944.71"
2026-Apr-27,trade,sell,Sell trade,DE0002635307,iShares STOXX Europe 600 UCITS ETF (DE) EUR (Dist),5,303.75,€1248.46,"Trade Sell trade DE0002635307 iShares STOXX Europe 600 UCITS ETF (DE) EUR (Dist), quantity: 5 €303.75 €1,248.46"
2026-Apr-27,trade,buy,Buy trade,XF000SOL0012,Solana,3,221.65,€1026.81,"Trade Buy trade XF000SOL0012 Solana, quantity: 3 €221.65 €1,026.81"
2026-Apr-27,trade,sell,Sell trade,IE000I8KRLL9,iShares IV plc - iShares MSCI Global Semiconductors UCITS ETF USD (Acc),13,184.98,€1211.79,"Trade Sell trade IE000I8KRLL9 iShares IV plc - iShares MSCI Global Semiconductors UCITS ETF USD (Acc), quantity: 13 €184.98 €1,211.79"
2026-Apr-27,trade,sell,Sell trade,IE000I8KRLL9,iShares IV plc - iShares MSCI Global Semiconductors UCITS ETF USD (Acc),27,385.53,€1597.32,"Trade Sell trade IE000I8KRLL9 iShares IV plc - iShares MSCI Global Semiconductors UCITS ETF USD (Acc), quantity: 27 €385.53 €1,597.32"
2026-Apr-27,trade,sell,Sell trade,IE00B3WJKG14,iShares V plc - iShares S&P 500 Information Technology Sector UCITS ETF USD (Acc),7,269.55,€1866.87,"Trade Sell trade IE00B3WJKG14 iShares V plc - iShares S&P 500 Information Technology Sector UCITS ETF USD (Acc), quantity: 7 €269.55 €1,866.87"
2026-Apr-28,trade,buy,Buy trade,IE00BKM4GZ66,iShares plc - iShares Core MSCI EM IMI UCITS ETF USD (Acc),14,622.89,€1243.98,"Trade Buy trade IE00BKM4GZ66 iShares plc - iShares Core MSCI EM IMI UCITS ETF USD (Acc), quantity: 14 €622.89 €1,243.98"
2026-Apr-28,trade,buy,Buy trade,IE00B3WJKG14,iShares V plc - iShares S&P 500 Information Technology Sector UCITS ETF USD (Acc),1,39.00,€1204.98,"Trade Buy trade IE00B3WJKG14 iShares V plc - iShares S&P 500 Information Technology Sector UCITS ETF USD (Acc), quantity: 1 €39.00 €1,204.98"
2026-Apr-28,trade,buy,Buy trade,CA8465011044,SPARC AI INC.,25,99.50,€1105.48,"Trade Buy trade CA8465011044 SPARC AI INC., quantity: 25 €99.50 €1,105.48"
2026-Apr-28,trade,buy,Buy trade,CA8465011044,SPARC AI INC.,10,35.00,€1070.48,"Trade Buy trade CA8465011044 SPARC AI INC., quantity: 10 €35.00 €1,070.48"
2026-Apr-28,trade,buy,Buy trade,CA8465011044,SPARC AI INC.,16,52.84,€1017.64,"Trade Buy trade CA8465011044 SPARC AI INC., quantity: 16 €52.84 €1,017.64"
2026-Apr-29,transfer,,Transfer,,,,2900.00,€3917.64,Incoming transfer from ANTONIO MARIA R MAGGIORANI APPLETON (PT50002300004571571297194)
2026-Apr-29,trade,buy,Buy trade,IE000M7V94E1,VanEck UCITS ETFs plc - VanEck Uranium and Nuclear Technologies UCITS ETF,2,104.50,€3813.14,"Trade Buy trade IE000M7V94E1 VanEck UCITS ETFs plc - VanEck Uranium and Nuclear Technologies UCITS ETF, quantity: 2 €104.50 €3,813.14"
2026-Apr-29,trade,buy,Buy trade,CA8465011044,SPARC AI INC.,10,30.00,€3783.14,"Trade Buy trade CA8465011044 SPARC AI INC., quantity: 10 €30.00 €3,783.14 TRADE REPUBLIC BANK GMBH BRUNNENSTRASSE 19-21 10119 BERLIN Trade Republic Bank GmbH Brunnenstraße 19-21 10119 Berlin www.traderepublic.com Headquarters: Berlin AG Charlottenburg HRB 244347 B VAT-ID DE307510626 Directors Andreas Torner Gernot Mittendorfer Christian Hecker Thomas Pischke"
2026-Apr-29,trade,sell,Sell trade,CA8465011044,SPARC AI INC.,35,92.80,€3875.94,"Trade Sell trade CA8465011044 SPARC AI INC., quantity: 35 €92.80 €3,875.94"
2026-Apr-29,trade,sell,Sell trade,CA8465011044,SPARC AI INC.,26,68.68,€3944.62,"Trade Sell trade CA8465011044 SPARC AI INC., quantity: 26 €68.68 €3,944.62"
2026-Apr-30,trade,buy,Buy trade,IE00B3WJKG14,iShares V plc - iShares S&P 500 Information Technology Sector UCITS ETF USD (Acc),7,264.55,€3680.07,"Trade Buy trade IE00B3WJKG14 iShares V plc - iShares S&P 500 Information Technology Sector UCITS ETF USD (Acc), quantity: 7 €264.55 €3,680.07"
2026-Apr-30,trade,sell,Sell trade,XF000SOL0012,Solana,5,348.43,€4028.50,"Trade Sell trade XF000SOL0012 Solana, quantity: 5 €348.43 €4,028.50"
2026-May-01,interest,,Interest,,,,3.25,€4031.75,Interest payment
2026-May-04,trade,buy,Savings plan execution,IE00BK5BQT80,Vanguard Funds PLC - Vanguard FTSE All- World UCITS ETF (USD) Accumulating,0.289463,45.00,€3986.75,"Trade Savings plan execution IE00BK5BQT80 Vanguard Funds PLC - Vanguard FTSE All- World UCITS ETF (USD) Accumulating, quantity: 0.289463 €45.00 €3,986.75"
2026-May-04,trade,sell,Sell trade,IE0002PG6CA6,VanEck UCITS ETFs plc - VanEck Rare Earth and Strategic Metals UCITS ETF,4,69.28,€4056.03,"Trade Sell trade IE0002PG6CA6 VanEck UCITS ETFs plc - VanEck Rare Earth and Strategic Metals UCITS ETF, quantity: 4 €69.28 €4,056.03"
2026-May-04,trade,buy,Buy trade,US25063F1075,DESTINY TECH100 INC.,3,101.46,€3954.57,"Trade Buy trade US25063F1075 DESTINY TECH100 INC., quantity: 3 €101.46 €3,954.57"
2026-May-06,trade,sell,Sell trade,US25063F1075,DESTINY TECH100 INC.,3,96.80,€4051.37,"Trade Sell trade US25063F1075 DESTINY TECH100 INC., quantity: 3 €96.80 €4,051.37"
2026-May-06,trade,sell,Sell trade,IE0002PG6CA6,VanEck UCITS ETFs plc - VanEck Rare Earth and Strategic Metals UCITS ETF,12,215.02,€4266.39,"Trade Sell trade IE0002PG6CA6 VanEck UCITS ETFs plc - VanEck Rare Earth and Strategic Metals UCITS ETF, quantity: 12 €215.02 €4,266.39"
2026-May-06,trade,sell,Sell trade,IE00BKM4GZ66,iShares plc - iShares Core MSCI EM IMI UCITS ETF USD (Acc),2,92.42,€4358.81,"Trade Sell trade IE00BKM4GZ66 iShares plc - iShares Core MSCI EM IMI UCITS ETF USD (Acc), quantity: 2 €92.42 €4,358.81"
2026-May-07,trade,sell,Sell trade,IE00B3WJKG14,iShares V plc - iShares S&P 500 Information Technology Sector UCITS ETF USD (Acc),5,201.50,€4560.31,"Trade Sell trade IE00B3WJKG14 iShares V plc - iShares S&P 500 Information Technology Sector UCITS ETF USD (Acc), quantity: 5 €201.50 €4,560.31"
2026-May-08,trade,buy,Buy trade,IE0002PG6CA6,VanEck UCITS ETFs plc - VanEck Rare Earth and Strategic Metals UCITS ETF,5,89.85,€4470.46,"Trade Buy trade IE0002PG6CA6 VanEck UCITS ETFs plc - VanEck Rare Earth and Strategic Metals UCITS ETF, quantity: 5 €89.85 €4,470.46"
2026-May-08,trade,buy,Buy trade,IE00BK5BQT80,Vanguard Funds PLC - Vanguard FTSE All-World UCITS ETF (USD) Accumulating,0.710537,113.01,€4357.45,"Trade Buy trade IE00BK5BQT80 Vanguard Funds PLC - Vanguard FTSE All-World UCITS ETF (USD) Accumulating, quantity: 0.710537 €113.01 €4,357.45 TRADE REPUBLIC BANK GMBH BRUNNENSTRASSE 19-21 10119 BERLIN Trade Republic Bank GmbH Brunnenstraße 19-21 10119 Berlin www.traderepublic.com Headquarters: Berlin AG Charlottenburg HRB 244347 B VAT-ID DE307510626 Directors Andreas Torner Gernot Mittendorfer Christian Hecker Thomas Pischke"
2026-May-08,trade,sell,Sell trade,XF000SOL0012,Solana,4,295.96,€4653.41,"Trade Sell trade XF000SOL0012 Solana, quantity: 4 €295.96 €4,653.41"
2026-May-08,trade,buy,Buy trade,IE0007Y8Y157,VanEck UCITS ETFs plc - VanEck Quantum Computing UCITS ETF,4,100.30,€4553.11,"Trade Buy trade IE0007Y8Y157 VanEck UCITS ETFs plc - VanEck Quantum Computing UCITS ETF, quantity: 4 €100.30 €4,553.11"
2026-May-08,trade,sell,Sell trade,IE00B3WJKG14,iShares V plc - iShares S&P 500 Information Technology Sector UCITS ETF USD (Acc),4,160.56,€4713.67,"Trade Sell trade IE00B3WJKG14 iShares V plc - iShares S&P 500 Information Technology Sector UCITS ETF USD (Acc), quantity: 4 €160.56 €4,713.67"
2026-May-08,trade,buy,Buy trade,IE00BM67HL84,Xtrackers (IE) Plc - Xtrackers MSCI World Financials UCITS ETF 1C,6,223.87,€4489.80,"Trade Buy trade IE00BM67HL84 Xtrackers (IE) Plc - Xtrackers MSCI World Financials UCITS ETF 1C, quantity: 6 €223.87 €4,489.80"
2026-May-08,trade,sell,Sell trade,IE00B3WJKG14,iShares V plc - iShares S&P 500 Information Technology Sector UCITS ETF USD (Acc),3.2,128.65,€4618.45,"Trade Sell trade IE00B3WJKG14 iShares V plc - iShares S&P 500 Information Technology Sector UCITS ETF USD (Acc), quantity: 3.2 €128.65 €4,618.45"
2026-May-08,trade,buy,Buy trade,IE00BYZK4552,iShares IV plc - iShares Automation & Robotics UCITS ETF USD (Acc),10,173.18,€4445.27,"Trade Buy trade IE00BYZK4552 iShares IV plc - iShares Automation & Robotics UCITS ETF USD (Acc), quantity: 10 €173.18 €4,445.27"
2026-May-08,trade,sell,Sell trade,IE000J80JTL1,First Trust Global Funds ICAV - First Trust Nasdaq Clean Edge Smart Grid Infrastructure UCITS ETF Class A USD ACC,2,115.40,€4560.67,"Trade Sell trade IE000J80JTL1 First Trust Global Funds ICAV - First Trust Nasdaq Clean Edge Smart Grid Infrastructure UCITS ETF Class A USD ACC, quantity: 2 €115.40 €4,560.67"
2026-May-08,trade,buy,Buy trade,IE000YU9K6K2,VanEck UCITS ETFs plc - VanEck Space Innovators UCITS ETF,1,87.90,€4472.77,"Trade Buy trade IE000YU9K6K2 VanEck UCITS ETFs plc - VanEck Space Innovators UCITS ETF, quantity: 1 €87.90 €4,472.77"
2026-May-08,trade,buy,Buy trade,IE0007Y8Y157,VanEck UCITS ETFs plc - VanEck Quantum Computing UCITS ETF,1,26.04,€4446.73,"Trade Buy trade IE0007Y8Y157 VanEck UCITS ETFs plc - VanEck Quantum Computing UCITS ETF, quantity: 1 €26.04 €4,446.73"
2026-May-11,trade,sell,Sell trade,IE0007Y8Y157,VanEck UCITS ETFs plc - VanEck Quantum Computing UCITS ETF,5,124.68,€4571.41,"Trade Sell trade IE0007Y8Y157 VanEck UCITS ETFs plc - VanEck Quantum Computing UCITS ETF, quantity: 5 €124.68 €4,571.41"
2026-May-11,trade,sell,Sell trade,IE000M7V94E1,VanEck UCITS ETFs plc - VanEck Uranium and Nuclear Technologies UCITS ETF,2,109.60,€4681.01,"Trade Sell trade IE000M7V94E1 VanEck UCITS ETFs plc - VanEck Uranium and Nuclear Technologies UCITS ETF, quantity: 2 €109.60 €4,681.01"
2026-May-11,trade,buy,Buy trade,IE000M7V94E1,VanEck UCITS ETFs plc - VanEck Uranium and Nuclear Technologies UCITS ETF,6,333.28,€4347.73,"Trade Buy trade IE000M7V94E1 VanEck UCITS ETFs plc - VanEck Uranium and Nuclear Technologies UCITS ETF, quantity: 6 €333.28 €4,347.73"
2026-May-12,trade,sell,Sell trade,IE000M7V94E1,VanEck UCITS ETFs plc - VanEck Uranium and Nuclear Technologies UCITS ETF,3,161.66,€4509.39,"Trade Sell trade IE000M7V94E1 VanEck UCITS ETFs plc - VanEck Uranium and Nuclear Technologies UCITS ETF, quantity: 3 €161.66 €4,509.39"
2026-May-14,trade,buy,Buy trade,IE0002PG6CA6,VanEck UCITS ETFs plc - VanEck Rare Earth and Strategic Metals UCITS ETF,3,52.00,€4457.39,"Trade Buy trade IE0002PG6CA6 VanEck UCITS ETFs plc - VanEck Rare Earth and Strategic Metals UCITS ETF, quantity: 3 €52.00 €4,457.39 TRADE REPUBLIC BANK GMBH BRUNNENSTRASSE 19-21 10119 BERLIN Trade Republic Bank GmbH Brunnenstraße 19-21 10119 Berlin www.traderepublic.com Headquarters: Berlin AG Charlottenburg HRB 244347 B VAT-ID DE307510626 Directors Andreas Torner Gernot Mittendorfer Christian Hecker Thomas Pischke"
2026-May-15,trade,sell,Sell trade,IE00BYZK4552,iShares IV plc - iShares Automation & Robotics UCITS ETF USD (Acc),10,168.82,€4626.21,"Trade Sell trade IE00BYZK4552 iShares IV plc - iShares Automation & Robotics UCITS ETF USD (Acc), quantity: 10 €168.82 €4,626.21"
2026-May-15,trade,sell,Sell trade,IE00BM67HL84,Xtrackers (IE) Plc - Xtrackers MSCI World Financials UCITS ETF 1C,6,221.57,€4847.78,"Trade Sell trade IE00BM67HL84 Xtrackers (IE) Plc - Xtrackers MSCI World Financials UCITS ETF 1C, quantity: 6 €221.57 €4,847.78"
2026-May-15,trade,buy,Buy trade,IE000J80JTL1,First Trust Global Funds ICAV - First Trust Nasdaq Clean Edge Smart Grid Infrastructure UCITS ETF Class A USD ACC,4,231.24,€4616.54,"Trade Buy trade IE000J80JTL1 First Trust Global Funds ICAV - First Trust Nasdaq Clean Edge Smart Grid Infrastructure UCITS ETF Class A USD ACC, quantity: 4 €231.24 €4,616.54"
2026-May-15,trade,buy,Buy trade,JE00B1VS3333,WITR MET.SEC.Z07/UN.XAG,2,120.96,€4495.58,"Trade Buy trade JE00B1VS3333 WITR MET.SEC.Z07/UN.XAG, quantity: 2 €120.96 €4,495.58"
2026-May-15,trade,buy,Buy trade,IE000J80JTL1,First Trust Global Funds ICAV - First Trust Nasdaq Clean Edge Smart Grid Infrastructure UCITS ETF Class A USD ACC,2,115.00,€4380.58,"Trade Buy trade IE000J80JTL1 First Trust Global Funds ICAV - First Trust Nasdaq Clean Edge Smart Grid Infrastructure UCITS ETF Class A USD ACC, quantity: 2 €115.00 €4,380.58"
2026-May-15,trade,buy,Buy trade,IE0002PG6CA6,VanEck UCITS ETFs plc - VanEck Rare Earth and Strategic Metals UCITS ETF,9,148.13,€4232.45,"Trade Buy trade IE0002PG6CA6 VanEck UCITS ETFs plc - VanEck Rare Earth and Strategic Metals UCITS ETF, quantity: 9 €148.13 €4,232.45"
2026-May-18,trade,sell,Sell trade,IE000M7V94E1,VanEck UCITS ETFs plc - VanEck Uranium and Nuclear Technologies UCITS ETF,4,198.44,€4430.89,"Trade Sell trade IE000M7V94E1 VanEck UCITS ETFs plc - VanEck Uranium and Nuclear Technologies UCITS ETF, quantity: 4 €198.44 €4,430.89"
2026-May-18,trade,sell,Sell trade,IE0002PG6CA6,VanEck UCITS ETFs plc - VanEck Rare Earth and Strategic Metals UCITS ETF,12.5,201.10,€4631.99,"Trade Sell trade IE0002PG6CA6 VanEck UCITS ETFs plc - VanEck Rare Earth and Strategic Metals UCITS ETF, quantity: 12.5 €201.10 €4,631.99"
2026-May-18,trade,sell,Sell trade,IE0002PG6CA6,VanEck UCITS ETFs plc - VanEck Rare Earth and Strategic Metals UCITS ETF,12.5,201.15,€4833.14,"Trade Sell trade IE0002PG6CA6 VanEck UCITS ETFs plc - VanEck Rare Earth and Strategic Metals UCITS ETF, quantity: 12.5 €201.15 €4,833.14"
2026-May-18,trade,buy,Buy trade,IE000M7V94E1,VanEck UCITS ETFs plc - VanEck Uranium and Nuclear Technologies UCITS ETF,3,151.30,€4681.84,"Trade Buy trade IE000M7V94E1 VanEck UCITS ETFs plc - VanEck Uranium and Nuclear Technologies UCITS ETF, quantity: 3 €151.30 €4,681.84"
2026-May-18,trade,buy,Buy trade,IE000J80JTL1,First Trust Global Funds ICAV - First Trust Nasdaq Clean Edge Smart Grid Infrastructure UCITS ETF Class A USD ACC,3,171.67,€4510.17,"Trade Buy trade IE000J80JTL1 First Trust Global Funds ICAV - First Trust Nasdaq Clean Edge Smart Grid Infrastructure UCITS ETF Class A USD ACC, quantity: 3 €171.67 €4,510.17"
2026-May-18,trade,sell,Sell trade,IE000M7V94E1,VanEck UCITS ETFs plc - VanEck Uranium and Nuclear Technologies UCITS ETF,7,348.90,€4859.07,"Trade Sell trade IE000M7V94E1 VanEck UCITS ETFs plc - VanEck Uranium and Nuclear Technologies UCITS ETF, quantity: 7 €348.90 €4,859.07"
2026-May-18,trade,sell,Sell trade,IE000M7V94E1,VanEck UCITS ETFs plc - VanEck Uranium and Nuclear Technologies UCITS ETF,3,149.06,€5008.13,"Trade Sell trade IE000M7V94E1 VanEck UCITS ETFs plc - VanEck Uranium and Nuclear Technologies UCITS ETF, quantity: 3 €149.06 €5,008.13"
2026-May-18,trade,sell,Sell trade,IE000J80JTL1,First Trust Global Funds ICAV - First Trust Nasdaq Clean Edge Smart Grid Infrastructure UCITS ETF Class A USD ACC,6,340.70,€5348.83,"Trade Sell trade IE000J80JTL1 First Trust Global Funds ICAV - First Trust Nasdaq Clean Edge Smart Grid Infrastructure UCITS ETF Class A USD ACC, quantity: 6 €340.70 €5,348.83 TRADE REPUBLIC BANK GMBH BRUNNENSTRASSE 19-21 10119 BERLIN Trade Republic Bank GmbH Brunnenstraße 19-21 10119 Berlin www.traderepublic.com Headquarters: Berlin AG Charlottenburg HRB 244347 B VAT-ID DE307510626 Directors Andreas Torner Gernot Mittendorfer Christian Hecker Thomas Pischke"
2026-May-18,trade,sell,Sell trade,JE00B1VS3333,WisdomTree Physical Silver,2,117.72,€5466.55,"Trade Sell trade JE00B1VS3333 WisdomTree Physical Silver, quantity: 2 €117.72 €5,466.55"
2026-May-18,trade,buy,Buy trade,IE00BK5BQT80,Vanguard Funds PLC - Vanguard FTSE All-World UCITS ETF (USD) Accumulating,2.882189,458.00,€5008.55,"Trade Buy trade IE00BK5BQT80 Vanguard Funds PLC - Vanguard FTSE All-World UCITS ETF (USD) Accumulating, quantity: 2.882189 €458.00 €5,008.55"
2026-May-18,trade,buy,Buy trade,IE00BKM4GZ66,iShares plc - iShares Core MSCI EM IMI UCITS ETF USD (Acc),2.510259,116.00,€4892.55,"Trade Buy trade IE00BKM4GZ66 iShares plc - iShares Core MSCI EM IMI UCITS ETF USD (Acc), quantity: 2.510259 €116.00 €4,892.55"
2026-May-18,trade,buy,Buy trade,IE000J80JTL1,First Trust Global Funds ICAV - First Trust Nasdaq Clean Edge Smart Grid Infrastructure UCITS ETF Class A USD ACC,1.921733,111.00,€4781.55,"Trade Buy trade IE000J80JTL1 First Trust Global Funds ICAV - First Trust Nasdaq Clean Edge Smart Grid Infrastructure UCITS ETF Class A USD ACC, quantity: 1.921733 €111.00 €4,781.55"
2026-May-18,trade,buy,Buy trade,IE00B3WJKG14,iShares V plc - iShares S&P 500 Information Technology Sector UCITS ETF USD (Acc),2.724795,116.00,€4665.55,"Trade Buy trade IE00B3WJKG14 iShares V plc - iShares S&P 500 Information Technology Sector UCITS ETF USD (Acc), quantity: 2.724795 €116.00 €4,665.55"
2026-May-18,trade,buy,Buy trade,IE000YU9K6K2,VanEck UCITS ETFs plc - VanEck Space Innovators UCITS ETF,1,100.14,€4565.41,"Trade Buy trade IE000YU9K6K2 VanEck UCITS ETFs plc - VanEck Space Innovators UCITS ETF, quantity: 1 €100.14 €4,565.41"
2026-May-18,trade,buy,Buy trade,US0846707026,"BERKSH. H.B NEW DL-,00333",2,826.80,€3738.61,"Trade Buy trade US0846707026 BERKSH. H.B NEW DL-,00333, quantity: 2 €826.80 €3,738.61"
2026-May-18,trade,buy,Savings plan execution,IE00B3WJKG14,iShares V plc - iShares S&P 500 Information Technology Sector UCITS ETF USD (Acc),0.596018,25.00,€3713.61,"Trade Savings plan execution IE00B3WJKG14 iShares V plc - iShares S&P 500 Information Technology Sector UCITS ETF USD (Acc), quantity: 0.596018 €25.00 €3,713.61"
2026-May-18,trade,buy,Savings plan execution,IE00BK5BQT80,Vanguard Funds PLC - Vanguard FTSE All- World UCITS ETF (USD) Accumulating,0.964970,153.00,€3560.61,"Trade Savings plan execution IE00BK5BQT80 Vanguard Funds PLC - Vanguard FTSE All- World UCITS ETF (USD) Accumulating, quantity: 0.964970 €153.00 €3,560.61"
2026-May-21,transfer,,Transfer,,,,600.00,€4160.61,Incoming transfer from ANTONIO MARIA R MAGGIORANI APPLETON (PT50002300004571571297194)
2026-May-22,trade,sell,Sell trade,IE00B3WJKG14,iShares V plc - iShares S&P 500 Information Technology Sector UCITS ETF USD (Acc),5,212.60,€4373.21,"Trade Sell trade IE00B3WJKG14 iShares V plc - iShares S&P 500 Information Technology Sector UCITS ETF USD (Acc), quantity: 5 €212.60 €4,373.21"
2026-May-26,trade,buy,Buy trade,JE00B588CD74,WITR MET.SEC.Z09/UN.XAU,1,374.26,€3998.95,"Trade Buy trade JE00B588CD74 WITR MET.SEC.Z09/UN.XAU, quantity: 1 €374.26 €3,998.95"
2026-May-27,trade,buy,Buy trade,LU0908500753,Amundi Index Solutions - Amundi Core Stoxx Europe 600 UCITS ETF Acc,0.5,155.50,€3843.45,"Trade Buy trade LU0908500753 Amundi Index Solutions - Amundi Core Stoxx Europe 600 UCITS ETF Acc, quantity: 0.5 €155.50 €3,843.45"
2026-May-27,trade,buy,Buy trade,IE00BM67HM91,Xtrackers (IE) Plc - Xtrackers MSCI World Energy UCITS ETF 1C,6,363.10,€3480.35,"Trade Buy trade IE00BM67HM91 Xtrackers (IE) Plc - Xtrackers MSCI World Energy UCITS ETF 1C, quantity: 6 €363.10 €3,480.35 TRADE REPUBLIC BANK GMBH BRUNNENSTRASSE 19-21 10119 BERLIN Trade Republic Bank GmbH Brunnenstraße 19-21 10119 Berlin www.traderepublic.com Headquarters: Berlin AG Charlottenburg HRB 244347 B VAT-ID DE307510626 Directors Andreas Torner Gernot Mittendorfer Christian Hecker Thomas Pischke"
2026-May-27,trade,sell,Sell trade,US0846707026,"BERKSH. H.B NEW DL-,00333",1,413.00,€3893.35,"Trade Sell trade US0846707026 BERKSH. H.B NEW DL-,00333, quantity: 1 €413.00 €3,893.35"
2026-May-27,trade,sell,Sell trade,IE000J80JTL1,First Trust Global Funds ICAV - First Trust Nasdaq Clean Edge Smart Grid Infrastructure UCITS ETF Class A USD ACC,5.51,320.73,€4214.08,"Trade Sell trade IE000J80JTL1 First Trust Global Funds ICAV - First Trust Nasdaq Clean Edge Smart Grid Infrastructure UCITS ETF Class A USD ACC, quantity: 5.51 €320.73 €4,214.08"
2026-May-27,trade,sell,Sell trade,IE00B3WJKG14,iShares V plc - iShares S&P 500 Information Technology Sector UCITS ETF USD (Acc),11.120813,474.92,€4689.00,"Trade Sell trade IE00B3WJKG14 iShares V plc - iShares S&P 500 Information Technology Sector UCITS ETF USD (Acc), quantity: 11.120813 €474.92 €4,689.00"
2026-May-28,trade,sell,Sell trade,US0846707026,"BERKSH. H.B NEW DL-,00333",1,412.65,€5101.65,"Trade Sell trade US0846707026 BERKSH. H.B NEW DL-,00333, quantity: 1 €412.65 €5,101.65"
2026-May-28,trade,sell,Sell trade,IE000J80JTL1,First Trust Global Funds ICAV - First Trust Nasdaq Clean Edge Smart Grid Infrastructure UCITS ETF Class A USD ACC,5.411733,311.37,€5413.02,"Trade Sell trade IE000J80JTL1 First Trust Global Funds ICAV - First Trust Nasdaq Clean Edge Smart Grid Infrastructure UCITS ETF Class A USD ACC, quantity: 5.411733 €311.37 €5,413.02"
2026-May-28,trade,buy,Buy trade,FR0000121972,SCHNEIDER ELEC. INH. EO 4,0.5,134.56,€5278.46,"Trade Buy trade FR0000121972 SCHNEIDER ELEC. INH. EO 4, quantity: 0.5 €134.56 €5,278.46"
2026-May-28,trade,buy,Buy trade,US25746U1097,DOMINION RESOURCES,1,59.26,€5219.20,"Trade Buy trade US25746U1097 DOMINION RESOURCES, quantity: 1 €59.26 €5,219.20"
2026-May-28,trade,buy,Buy trade,IE00B8KQN827,"EATON CORP.PLC DL -,01",0.5,175.10,€5044.10,"Trade Buy trade IE00B8KQN827 EATON CORP.PLC DL -,01, quantity: 0.5 €175.10 €5,044.10"
2026-May-29,trade,sell,Sell trade,IE000YU9K6K2,VanEck UCITS ETFs plc - VanEck Space Innovators UCITS ETF,1,112.30,€5156.40,"Trade Sell trade IE000YU9K6K2 VanEck UCITS ETFs plc - VanEck Space Innovators UCITS ETF, quantity: 1 €112.30 €5,156.40"
2026-May-29,trade,sell,Sell trade,IE000YU9K6K2,VanEck UCITS ETFs plc - VanEck Space Innovators UCITS ETF,1,112.12,€5268.52,"Trade Sell trade IE000YU9K6K2 VanEck UCITS ETFs plc - VanEck Space Innovators UCITS ETF, quantity: 1 €112.12 €5,268.52"
2026-May-29,trade,buy,Buy trade,US25746U1097,DOMINION RESOURCES,2,116.16,€5152.36,"Trade Buy trade US25746U1097 DOMINION RESOURCES, quantity: 2 €116.16 €5,152.36"
2026-Jun-01,interest,,Interest,,,,7.36,€5159.72,Interest payment
2026-Jun-01,trade,sell,Sell trade,IE00B8KQN827,"EATON CORP.PLC DL -,01",0.5,169.15,€5328.87,"Trade Sell trade IE00B8KQN827 EATON CORP.PLC DL -,01, quantity: 0.5 €169.15 €5,328.87"
2026-Jun-01,trade,sell,Sell trade,US25746U1097,DOMINION RESOURCES,3,170.66,€5499.53,"Trade Sell trade US25746U1097 DOMINION RESOURCES, quantity: 3 €170.66 €5,499.53 TRADE REPUBLIC BANK GMBH BRUNNENSTRASSE 19-21 10119 BERLIN Trade Republic Bank GmbH Brunnenstraße 19-21 10119 Berlin www.traderepublic.com Headquarters: Berlin AG Charlottenburg HRB 244347 B VAT-ID DE307510626 Directors Andreas Torner Gernot Mittendorfer Christian Hecker Thomas Pischke"
2026-Jun-01,trade,sell,Sell trade,LU0908500753,Amundi Index Solutions - Amundi Core Stoxx Europe 600 UCITS ETF Acc,0.5,152.43,€5651.96,"Trade Sell trade LU0908500753 Amundi Index Solutions - Amundi Core Stoxx Europe 600 UCITS ETF Acc, quantity: 0.5 €152.43 €5,651.96"
2026-Jun-01,trade,buy,Buy trade,FR0000121972,SCHNEIDER ELEC. INH. EO 4,2,560.83,€5091.13,"Trade Buy trade FR0000121972 SCHNEIDER ELEC. INH. EO 4, quantity: 2 €560.83 €5,091.13"
2026-Jun-01,trade,buy,Buy trade,IE00BKM4GZ66,iShares plc - iShares Core MSCI EM IMI UCITS ETF USD (Acc),2,99.00,€4992.13,"Trade Buy trade IE00BKM4GZ66 iShares plc - iShares Core MSCI EM IMI UCITS ETF USD (Acc), quantity: 2 €99.00 €4,992.13"
2026-Jun-01,trade,buy,Buy trade,IE00BM67HM91,Xtrackers (IE) Plc - Xtrackers MSCI World Energy UCITS ETF 1C,2,120.42,€4871.71,"Trade Buy trade IE00BM67HM91 Xtrackers (IE) Plc - Xtrackers MSCI World Energy UCITS ETF 1C, quantity: 2 €120.42 €4,871.71"
2026-Jun-03,trade,buy,Savings plan execution,IE00BK5BQT80,Vanguard Funds PLC - Vanguard FTSE All- World UCITS ETF (USD) Accumulating,2.009791,331.00,€4540.71,"Trade Savings plan execution IE00BK5BQT80 Vanguard Funds PLC - Vanguard FTSE All- World UCITS ETF (USD) Accumulating, quantity: 2.009791 €331.00 €4,540.71"
2026-Jun-03,trade,buy,Buy trade,IE00B3WJKG14,iShares V plc - iShares S&P 500 Information Technology Sector UCITS ETF USD (Acc),25,1158.50,€3382.21,"Trade Buy trade IE00B3WJKG14 iShares V plc - iShares S&P 500 Information Technology Sector UCITS ETF USD (Acc), quantity: 25 €1,158.50 €3,382.21"
2026-Jun-05,trade,buy,Buy trade,IE00B3WJKG14,iShares V plc - iShares S&P 500 Information Technology Sector UCITS ETF USD (Acc),3,133.06,€3249.15,"Trade Buy trade IE00B3WJKG14 iShares V plc - iShares S&P 500 Information Technology Sector UCITS ETF USD (Acc), quantity: 3 €133.06 €3,249.15"
2026-Jun-08,trade,buy,Buy trade,IE000J80JTL1,First Trust Global Funds ICAV - First Trust Nasdaq Clean Edge Smart Grid Infrastructure UCITS ETF Class A USD ACC,14,792.28,€2456.87,"Trade Buy trade IE000J80JTL1 First Trust Global Funds ICAV - First Trust Nasdaq Clean Edge Smart Grid Infrastructure UCITS ETF Class A USD ACC, quantity: 14 €792.28 €2,456.87"
2026-Jun-08,trade,buy,Buy trade,IE000I8KRLL9,iShares IV plc - iShares MSCI Global Semiconductors UCITS ETF USD (Acc),70,1220.82,€1236.05,"Trade Buy trade IE000I8KRLL9 iShares IV plc - iShares MSCI Global Semiconductors UCITS ETF USD (Acc), quantity: 70 €1,220.82 €1,236.05"
2026-Jun-08,trade,buy,Buy trade,US92537N1081,"VERTIV HOL.CL A DL-,0001",1,263.05,€973.00,"Trade Buy trade US92537N1081 VERTIV HOL.CL A DL-,0001, quantity: 1 €263.05 €973.00"
2026-Jun-08,trade,sell,Sell trade,JE00B588CD74,WisdomTree Physical Swiss Gold,1,356.08,€1329.08,"Trade Sell trade JE00B588CD74 WisdomTree Physical Swiss Gold, quantity: 1 €356.08 €1,329.08"
2026-Jun-08,trade,sell,Sell trade,IE00BM67HM91,Xtrackers (IE) Plc - Xtrackers MSCI World Energy UCITS ETF 1C,8,494.04,€1823.12,"Trade Sell trade IE00BM67HM91 Xtrackers (IE) Plc - Xtrackers MSCI World Energy UCITS ETF 1C, quantity: 8 €494.04 €1,823.12"
2026-Jun-08,trade,sell,Sell trade,IE00B3WJKG14,iShares V plc - iShares S&P 500 Information Technology Sector UCITS ETF USD (Acc),18,771.92,€2595.04,"Trade Sell trade IE00B3WJKG14 iShares V plc - iShares S&P 500 Information Technology Sector UCITS ETF USD (Acc), quantity: 18 €771.92 €2,595.04"
2026-Jun-08,trade,sell,Sell trade,FR0000121972,SCHNEIDER ELEC. INH. EO 4,2.5,662.88,€3257.92,"Trade Sell trade FR0000121972 SCHNEIDER ELEC. INH. EO 4, quantity: 2.5 €662.88 €3,257.92 TRADE REPUBLIC BANK GMBH BRUNNENSTRASSE 19-21 10119 BERLIN Trade Republic Bank GmbH Brunnenstraße 19-21 10119 Berlin www.traderepublic.com Headquarters: Berlin AG Charlottenburg HRB 244347 B VAT-ID DE307510626 Directors Andreas Torner Gernot Mittendorfer Christian Hecker Thomas Pischke"
2026-Jun-08,trade,sell,Sell trade,US92537N1081,"VERTIV HOL.CL A DL-,0001",1,259.70,€3517.62,"Trade Sell trade US92537N1081 VERTIV HOL.CL A DL-,0001, quantity: 1 €259.70 €3,517.62"
2026-Jun-08,trade,sell,Sell trade,IE00B3WJKG14,iShares V plc - iShares S&P 500 Information Technology Sector UCITS ETF USD (Acc),10,428.05,€3945.67,"Trade Sell trade IE00B3WJKG14 iShares V plc - iShares S&P 500 Information Technology Sector UCITS ETF USD (Acc), quantity: 10 €428.05 €3,945.67"
2026-Jun-08,trade,buy,Buy trade,IE00BK5BQT80,Vanguard Funds PLC - Vanguard FTSE All-World UCITS ETF (USD) Accumulating,3.38,545.11,€3400.56,"Trade Buy trade IE00BK5BQT80 Vanguard Funds PLC - Vanguard FTSE All-World UCITS ETF (USD) Accumulating, quantity: 3.38 €545.11 €3,400.56"
2026-Jun-09,trade,sell,Sell trade,IE000I8KRLL9,iShares IV plc - iShares MSCI Global Semiconductors UCITS ETF USD (Acc),70,1231.00,€4631.56,"Trade Sell trade IE000I8KRLL9 iShares IV plc - iShares MSCI Global Semiconductors UCITS ETF USD (Acc), quantity: 70 €1,231.00 €4,631.56"
2026-Jun-09,trade,buy,Buy trade,IE00BK5BQT80,Vanguard Funds PLC - Vanguard FTSE All-World UCITS ETF (USD) Accumulating,2,319.96,€4311.60,"Trade Buy trade IE00BK5BQT80 Vanguard Funds PLC - Vanguard FTSE All-World UCITS ETF (USD) Accumulating, quantity: 2 €319.96 €4,311.60"
2026-Jun-09,trade,buy,Buy trade,IE00BKM4GZ66,iShares plc - iShares Core MSCI EM IMI UCITS ETF USD (Acc),9,414.18,€3897.42,"Trade Buy trade IE00BKM4GZ66 iShares plc - iShares Core MSCI EM IMI UCITS ETF USD (Acc), quantity: 9 €414.18 €3,897.42"
2026-Jun-09,trade,buy,Buy trade,IE000I8KRLL9,iShares IV plc - iShares MSCI Global Semiconductors UCITS ETF USD (Acc),45,785.17,€3112.25,"Trade Buy trade IE000I8KRLL9 iShares IV plc - iShares MSCI Global Semiconductors UCITS ETF USD (Acc), quantity: 45 €785.17 €3,112.25"
2026-Jun-09,trade,buy,Buy trade,IE00BK5BQT80,Vanguard Funds PLC - Vanguard FTSE All-World UCITS ETF (USD) Accumulating,6,952.00,€2160.25,"Trade Buy trade IE00BK5BQT80 Vanguard Funds PLC - Vanguard FTSE All-World UCITS ETF (USD) Accumulating, quantity: 6 €952.00 €2,160.25"
2026-Jun-12,transfer,,Transfer,,,,150.00,€2310.25,Incoming transfer from ANTONIO MARIA R MAGGIORANI APPLETON (PT50002300004571571297194)
2026-Jun-12,trade,sell,Sell trade,IE000I8KRLL9,iShares IV plc - iShares MSCI Global Semiconductors UCITS ETF USD (Acc),13,248.21,€2558.46,"Trade Sell trade IE000I8KRLL9 iShares IV plc - iShares MSCI Global Semiconductors UCITS ETF USD (Acc), quantity: 13 €248.21 €2,558.46"
2026-Jun-15,trade,buy,Buy trade,US21037T1097,CONSTELLATION ENERGY,2,453.50,€2104.96,"Trade Buy trade US21037T1097 CONSTELLATION ENERGY, quantity: 2 €453.50 €2,104.96"
2026-Jun-15,trade,sell,Sell trade,IE000I8KRLL9,iShares IV plc - iShares MSCI Global Semiconductors UCITS ETF USD (Acc),8,157.80,€2262.76,"Trade Sell trade IE000I8KRLL9 iShares IV plc - iShares MSCI Global Semiconductors UCITS ETF USD (Acc), quantity: 8 €157.80 €2,262.76"
2026-Jun-15,trade,sell,Sell trade,IE000I8KRLL9,iShares IV plc - iShares MSCI Global Semiconductors UCITS ETF USD (Acc),8,159.32,€2422.08,"Trade Sell trade IE000I8KRLL9 iShares IV plc - iShares MSCI Global Semiconductors UCITS ETF USD (Acc), quantity: 8 €159.32 €2,422.08"
2026-Jun-16,trade,buy,Savings plan execution,IE000J80JTL1,First Trust Global Funds ICAV - First Trust Nasdaq Clean Edge Smart Grid Infrastructure UCITS ETF Class A USD ACC,0.856311,50.00,€2372.08,"Trade Savings plan execution IE000J80JTL1 First Trust Global Funds ICAV - First Trust Nasdaq Clean Edge Smart Grid Infrastructure UCITS ETF Class A USD ACC, quantity: 0.856311 €50.00 €2,372.08 TRADE REPUBLIC BANK GMBH BRUNNENSTRASSE 19-21 10119 BERLIN Trade Republic Bank GmbH Brunnenstraße 19-21 10119 Berlin www.traderepublic.com Headquarters: Berlin AG Charlottenburg HRB 244347 B VAT-ID DE307510626 Directors Andreas Torner Gernot Mittendorfer Christian Hecker Thomas Pischke"
2026-Jun-16,trade,buy,Savings plan execution,IE00BKM4GZ66,iShares plc - iShares Core MSCI EM IMI UCITS ETF USD (Acc),1.430293,70.00,€2302.08,"Trade Savings plan execution IE00BKM4GZ66 iShares plc - iShares Core MSCI EM IMI UCITS ETF USD (Acc), quantity: 1.430293 €70.00 €2,302.08"
2026-Jun-16,trade,sell,Sell trade,IE000I8KRLL9,iShares IV plc - iShares MSCI Global Semiconductors UCITS ETF USD (Acc),16,311.51,€2613.59,"Trade Sell trade IE000I8KRLL9 iShares IV plc - iShares MSCI Global Semiconductors UCITS ETF USD (Acc), quantity: 16 €311.51 €2,613.59"
2026-Jun-22,trade,buy,Buy trade,JE00B1VS3333,WITR MET.SEC.Z07/UN.XAG,4,213.18,€2400.41,"Trade Buy trade JE00B1VS3333 WITR MET.SEC.Z07/UN.XAG, quantity: 4 €213.18 €2,400.41"
2026-Jun-22,trade,buy,Buy trade,JE00B588CD74,WITR MET.SEC.Z09/UN.XAU,1.5,526.78,€1873.63,"Trade Buy trade JE00B588CD74 WITR MET.SEC.Z09/UN.XAU, quantity: 1.5 €526.78 €1,873.63"
2026-Jun-22,trade,sell,Sell trade,IE00BKM4GZ66,iShares plc - iShares Core MSCI EM IMI UCITS ETF USD (Acc),5.39,272.71,€2146.34,"Trade Sell trade IE00BKM4GZ66 iShares plc - iShares Core MSCI EM IMI UCITS ETF USD (Acc), quantity: 5.39 €272.71 €2,146.34"
2026-Jun-23,earnings,,Earnings,,,,0.49,€2146.83,Cash Dividend for ISIN US25746U1097
2026-Jun-24,gift,,Gift,,,,151.00,€1995.83,The gift you sent was accepted
2026-Jun-24,trade,buy,Buy trade,IE00B42NKQ00,iShares V plc - iShares S&P 500 Energy Sector UCITS ETF USD (Acc),25,249.63,€1746.20,"Trade Buy trade IE00B42NKQ00 iShares V plc - iShares S&P 500 Energy Sector UCITS ETF USD (Acc), quantity: 25 €249.63 €1,746.20"
2026-Jun-24,trade,sell,Sell trade,JE00B1VS3333,WITR MET.SEC.Z07/UN.XAG,4,189.19,€1935.39,"Trade Sell trade JE00B1VS3333 WITR MET.SEC.Z07/UN.XAG, quantity: 4 €189.19 €1,935.39"
2026-Jun-24,trade,buy,Buy trade,IE00B43HR379,iShares V plc - iShares S&P 500 Health Care Sector UCITS ETF USD (Acc),20,219.48,€1715.91,"Trade Buy trade IE00B43HR379 iShares V plc - iShares S&P 500 Health Care Sector UCITS ETF USD (Acc), quantity: 20 €219.48 €1,715.91"
2026-Jun-26,trade,sell,Sell trade,IE00BKM4GZ66,iShares plc - iShares Core MSCI EM IMI UCITS ETF USD (Acc),10,475.08,€2190.99,"Trade Sell trade IE00BKM4GZ66 iShares plc - iShares Core MSCI EM IMI UCITS ETF USD (Acc), quantity: 10 €475.08 €2,190.99"
2026-Jun-26,trade,sell,Sell trade,IE000J80JTL1,First Trust Global Funds ICAV - First Trust Nasdaq Clean Edge Smart Grid Infrastructure UCITS ETF Class A USD ACC,8,453.56,€2644.55,"Trade Sell trade IE000J80JTL1 First Trust Global Funds ICAV - First Trust Nasdaq Clean Edge Smart Grid Infrastructure UCITS ETF Class A USD ACC, quantity: 8 €453.56 €2,644.55"
2026-Jun-29,trade,sell,Sell trade,JE00B588CD74,WisdomTree Physical Swiss Gold,0.75,250.51,€2895.06,"Trade Sell trade JE00B588CD74 WisdomTree Physical Swiss Gold, quantity: 0.75 €250.51 €2,895.06"
2026-Jun-29,trade,buy,Buy trade,IE000YU9K6K2,VanEck UCITS ETFs plc - VanEck Space Innovators UCITS ETF,4,340.60,€2554.46,"Trade Buy trade IE000YU9K6K2 VanEck UCITS ETFs plc - VanEck Space Innovators UCITS ETF, quantity: 4 €340.60 €2,554.46 TRADE REPUBLIC BANK GMBH BRUNNENSTRASSE 19-21 10119 BERLIN Trade Republic Bank GmbH Brunnenstraße 19-21 10119 Berlin www.traderepublic.com Headquarters: Berlin AG Charlottenburg HRB 244347 B VAT-ID DE307510626 Directors Andreas Torner Gernot Mittendorfer Christian Hecker Thomas Pischke"
2026-Jun-30,trade,buy,Buy trade,IE00BKM4GZ66,iShares plc - iShares Core MSCI EM IMI UCITS ETF USD (Acc),9,437.36,€2117.10,"Trade Buy trade IE00BKM4GZ66 iShares plc - iShares Core MSCI EM IMI UCITS ETF USD (Acc), quantity: 9 €437.36 €2,117.10"
2026-Jun-30,trade,buy,Buy trade,IE000J80JTL1,First Trust Global Funds ICAV - First Trust Nasdaq Clean Edge Smart Grid Infrastructure UCITS ETF Class A USD ACC,6,348.40,€1768.70,"Trade Buy trade IE000J80JTL1 First Trust Global Funds ICAV - First Trust Nasdaq Clean Edge Smart Grid Infrastructure UCITS ETF Class A USD ACC, quantity: 6 €348.40 €1,768.70"
2026-Jun-30,trade,buy,Buy trade,IE00BK5BQT80,Vanguard Funds PLC - Vanguard FTSE All-World UCITS ETF (USD) Accumulating,1.365788,226.00,€1542.70,"Trade Buy trade IE00BK5BQT80 Vanguard Funds PLC - Vanguard FTSE All-World UCITS ETF (USD) Accumulating, quantity: 1.365788 €226.00 €1,542.70"
2026-Jun-30,transfer,,Transfer,,,,600.00,€2142.70,Incoming transfer from ANTONIO MARIA R MAGGIORANI APPLETON (PT50002300004571571297194)
2026-Jun-30,trade,sell,Sell trade,US21037T1097,CONSTELLATION ENERGY,2,454.70,€2597.40,"Trade Sell trade US21037T1097 CONSTELLATION ENERGY, quantity: 2 €454.70 €2,597.40"
2026-Jun-30,trade,sell,Sell trade,IE00B43HR379,iShares V plc - iShares S&P 500 Health Care Sector UCITS ETF USD (Acc),20,222.24,€2819.64,"Trade Sell trade IE00B43HR379 iShares V plc - iShares S&P 500 Health Care Sector UCITS ETF USD (Acc), quantity: 20 €222.24 €2,819.64"
2026-Jun-30,trade,sell,Sell trade,IE00B42NKQ00,iShares V plc - iShares S&P 500 Energy Sector UCITS ETF USD (Acc),25,242.98,€3062.62,"Trade Sell trade IE00B42NKQ00 iShares V plc - iShares S&P 500 Energy Sector UCITS ETF USD (Acc), quantity: 25 €242.98 €3,062.62"
2026-Jun-30,trade,buy,Buy trade,US21037T1097,CONSTELLATION ENERGY,1.53283,335.92,€2726.70,"Trade Buy trade US21037T1097 CONSTELLATION ENERGY, quantity: 1.53283 €335.92 €2,726.70"
2026-Jun-30,trade,buy,Buy trade,CA13321L1085,CAMECO CORP.,2.81264,252.00,€2474.70,"Trade Buy trade CA13321L1085 CAMECO CORP., quantity: 2.81264 €252.00 €2,474.70"
2026-Jul-01,interest,,Interest,,,,4.76,€2479.46,Interest payment
